<?xml version="1.0" encoding="UTF-8"?>
<!DOCTYPE html PUBLIC "-//W3C//DTD XHTML 1.0 Transitional//EN"
    "http://www.w3.org/TR/xhtml1/DTD/xhtml1-transitional.dtd">
<html xmlns="http://www.w3.org/1999/xhtml" xml:lang="en" lang="en">
 <head>
  <title>
</title>
<meta http-equiv="Content-Type" content="text/html;charset=utf-8" />
  <meta name='ocr-system' content='tesseract 3.04.00' />
  <meta name='ocr-capabilities' content='ocr_page ocr_carea ocr_par ocr_line ocrx_word'/>
</head>
<body>
  <div class='ocr_page' id='page_1' title='image "ammianimarcellin00ammi_0021.png"; bbox 0 0 2007 2658; ppageno 0'>
   <div class='ocr_carea' id='block_1_1' title="bbox 546 56 1330 105">
    <p class='ocr_par' dir='ltr' id='par_1_1' title="bbox 546 56 1330 105">
     <span class='ocr_line' id='line_1_1' title="bbox 546 56 1330 105; baseline 0 0"><span class='ocrx_word' id='word_1_1' title='bbox 546 56 1330 105; x_wconf 82' lang='lat' dir='ltr'>PRAEFATIO.</span> 
     </span>
    </p>
   </div>
   <div class='ocr_carea' id='block_1_2' title="bbox 61 120 1771 2324">
    <p class='ocr_par' dir='ltr' id='par_1_2' title="bbox 108 120 1761 225">
     <span class='ocr_line' id='line_1_2' title="bbox 110 120 1761 175; baseline -0.001 -11"><span class='ocrx_word' id='word_1_2' title='bbox 110 127 288 166; x_wconf 67' lang='lat' dir='ltr'>cuntstarum</span> <span class='ocrx_word' id='word_1_3' title='bbox 307 126 444 175; x_wconf 75' lang='lat' dir='ltr'>priorum</span> <span class='ocrx_word' id='word_1_4' title='bbox 463 123 633 160; x_wconf 85' lang='lat' dir='ltr'>editionum</span> <span class='ocrx_word' id='word_1_5' title='bbox 655 123 740 159; x_wconf 86' lang='lat' dir='ltr'>bona</span> <span class='ocrx_word' id='word_1_6' title='bbox 754 122 946 170; x_wconf 68' lang='lat' dir='ltr'>conrpleffl,</span> <span class='ocrx_word' id='word_1_7' title='bbox 967 120 1135 157; x_wconf 76' lang='lat' dir='ltr'>earundem</span> <span class='ocrx_word' id='word_1_8' title='bbox 1149 134 1224 156; x_wconf 86' lang='lat' dir='ltr'>vero</span> <span class='ocrx_word' id='word_1_9' title='bbox 1246 124 1325 157; x_wconf 82' lang='lat' dir='ltr'>vitiis</span> <span class='ocrx_word' id='word_1_10' title='bbox 1349 137 1451 161; x_wconf 85' lang='lat' dir='ltr'>carere</span> <span class='ocrx_word' id='word_1_11' title='bbox 1463 149 1472 166; x_wconf 81' lang='lat'>‚</span> <span class='ocrx_word' id='word_1_12' title='bbox 1498 135 1530 161; x_wconf 91' lang='lat' dir='ltr'>ut</span> <span class='ocrx_word' id='word_1_13' title='bbox 1543 124 1644 162; x_wconf 83' lang='lat' dir='ltr'>scribit</span> <span class='ocrx_word' id='word_1_14' title='bbox 1653 127 1684 163; x_wconf 90' lang='lat' dir='ltr'>in</span> <span class='ocrx_word' id='word_1_15' title='bbox 1698 125 1761 164; x_wconf 84' lang='lat' dir='ltr'>fine</span> 
     </span>
     <span class='ocr_line' id='line_1_3' title="bbox 108 175 378 225; baseline -0.007 -13"><span class='ocrx_word' id='word_1_16' title='bbox 108 177 168 219; x_wconf 74' lang='lat' dir='ltr'>fuae</span> <span class='ocrx_word' id='word_1_17' title='bbox 177 175 378 225; x_wconf 66' lang='lat' dir='ltr'>praefationis.</span> 
     </span>
    </p>

    <p class='ocr_par' dir='ltr' id='par_1_3' title="bbox 107 217 1763 1780">
     <span class='ocr_line' id='line_1_4' title="bbox 157 217 1759 274; baseline -0.002 -12"><span class='ocrx_word' id='word_1_18' title='bbox 157 230 197 262; x_wconf 84' lang='lat' dir='ltr'>In</span> <span class='ocrx_word' id='word_1_19' title='bbox 211 225 313 274; x_wconf 78' lang='lat' dir='ltr'>primo</span> <span class='ocrx_word' id='word_1_20' title='bbox 323 220 650 270; x_wconf 82' lang='lat' dir='ltr'>nonpotuiignoscere</span> <span class='ocrx_word' id='word_1_21' title='bbox 662 219 844 258; x_wconf 75' lang='lat' dir='ltr'>Hadriano,</span> <span class='ocrx_word' id='word_1_22' title='bbox 867 219 950 267; x_wconf 88' lang='lat' dir='ltr'>quod</span> <span class='ocrx_word' id='word_1_23' title='bbox 974 231 1067 268; x_wconf 83' lang='lat' dir='ltr'>quum</span> <span class='ocrx_word' id='word_1_24' title='bbox 1086 219 1141 254; x_wconf 87' lang='lat' dir='ltr'>alia</span> <span class='ocrx_word' id='word_1_25' title='bbox 1163 218 1274 254; x_wconf 76' lang='lat' dir='ltr'>chartae</span> <span class='ocrx_word' id='word_1_26' title='bbox 1299 217 1400 259; x_wconf 80' lang='lat' dir='ltr'>forma</span> <span class='ocrx_word' id='word_1_27' title='bbox 1414 243 1423 259; x_wconf 86' lang='lat'>‚</span> <span class='ocrx_word' id='word_1_28' title='bbox 1449 222 1509 257; x_wconf 87' lang='lat' dir='ltr'>alio</span> <span class='ocrx_word' id='word_1_29' title='bbox 1533 223 1702 273; x_wconf 66' lang='lat' dir='ltr'>conspec‘tu</span> <span class='ocrx_word' id='word_1_30' title='bbox 1725 228 1759 260; x_wconf 64' lang='grc' dir='ltr'>ἃς</span> 
     </span>
     <span class='ocr_line' id='line_1_5' title="bbox 109 266 1757 320; baseline -0.001 -11"><span class='ocrx_word' id='word_1_31' title='bbox 109 273 164 314; x_wconf 81' lang='lat' dir='ltr'>fitu</span> <span class='ocrx_word' id='word_1_32' title='bbox 175 279 316 310; x_wconf 79' lang='lat' dir='ltr'>notarum</span> <span class='ocrx_word' id='word_1_33' title='bbox 328 280 477 309; x_wconf 76' lang='lat' dir='ltr'>uteretur,</span> <span class='ocrx_word' id='word_1_34' title='bbox 497 282 588 317; x_wconf 84' lang='lat' dir='ltr'>quarn</span> <span class='ocrx_word' id='word_1_35' title='bbox 598 269 665 306; x_wconf 83' lang='lat' dir='ltr'>usus</span> <span class='ocrx_word' id='word_1_36' title='bbox 676 267 771 306; x_wconf 87' lang='lat' dir='ltr'>fuerat</span> <span class='ocrx_word' id='word_1_37' title='bbox 782 268 873 303; x_wconf 77' lang='lat' dir='ltr'>frater</span> <span class='ocrx_word' id='word_1_38' title='bbox 885 268 1039 305; x_wconf 82' lang='lat' dir='ltr'>Henricus</span> <span class='ocrx_word' id='word_1_39' title='bbox 1065 273 1078 313; x_wconf 88' lang='lat'><strong><em>(</em></strong></span> <span class='ocrx_word' id='word_1_40' title='bbox 1090 269 1173 312; x_wconf 80' lang='lat' dir='ltr'>cujus</span> <span class='ocrx_word' id='word_1_41' title='bbox 1183 279 1267 303; x_wconf 81' lang='lat' dir='ltr'>notae</span> <span class='ocrx_word' id='word_1_42' title='bbox 1278 268 1412 316; x_wconf 75' lang='lat' dir='ltr'>procusa:</span> <span class='ocrx_word' id='word_1_43' title='bbox 1425 266 1674 319; x_wconf 62' lang='lat' dir='ltr'>sunt.s112gillatim</span> <span class='ocrx_word' id='word_1_44' title='bbox 1686 273 1757 320; x_wconf 87' lang='lat' dir='ltr'>post</span> 
     </span>
     <span class='ocr_line' id='line_1_6' title="bbox 110 316 1758 367; baseline -0.004 -6"><span class='ocrx_word' id='word_1_45' title='bbox 110 321 279 361; x_wconf 79' lang='lat' dir='ltr'>absolutum</span> <span class='ocrx_word' id='word_1_46' title='bbox 302 317 464 358; x_wconf 83' lang='lat' dir='ltr'>Ammiani</span> <span class='ocrx_word' id='word_1_47' title='bbox 484 328 667 355; x_wconf 84' lang='lat' dir='ltr'>contextum</span> <span class='ocrx_word' id='word_1_48' title='bbox 679 346 689 361; x_wconf 95' lang='lat'>,</span> <span class='ocrx_word' id='word_1_49' title='bbox 703 322 734 354; x_wconf 87' lang='lat'>&amp;</span> <span class='ocrx_word' id='word_1_50' title='bbox 747 319 798 367; x_wconf 85' lang='lat' dir='ltr'>qni</span> <span class='ocrx_word' id='word_1_51' title='bbox 816 317 976 354; x_wconf 80' lang='lat' dir='ltr'>citationes</span> <span class='ocrx_word' id='word_1_52' title='bbox 998 316 1150 354; x_wconf 84' lang='lat' dir='ltr'>variorum</span> <span class='ocrx_word' id='word_1_53' title='bbox 1170 318 1313 352; x_wconf 85' lang='lat' dir='ltr'>locorum</span> <span class='ocrx_word' id='word_1_54' title='bbox 1336 317 1407 352; x_wconf 83' lang='lat' dir='ltr'>hinc</span> <span class='ocrx_word' id='word_1_55' title='bbox 1419 320 1710 355; x_wconf 85' lang='lat' dir='ltr'>accommodaverat</span> <span class='ocrx_word' id='word_1_56' title='bbox 1721 321 1758 358; x_wconf 86' lang='lat' dir='ltr'>ad</span> 
     </span>
     <span class='ocr_line' id='line_1_7' title="bbox 111 363 1759 418; baseline -0.002 -11"><span class='ocrx_word' id='word_1_57' title='bbox 111 372 190 409; x_wconf 85' lang='lat' dir='ltr'>illius</span> <span class='ocrx_word' id='word_1_58' title='bbox 207 370 296 418; x_wconf 82' lang='lat' dir='ltr'>ipsius</span> <span class='ocrx_word' id='word_1_59' title='bbox 307 367 450 404; x_wconf 83' lang='lat' dir='ltr'>editionis</span> <span class='ocrx_word' id='word_1_60' title='bbox 462 366 586 416; x_wconf 85' lang='lat' dir='ltr'>paginas</span> <span class='ocrx_word' id='word_1_61' title='bbox 596 390 606 407; x_wconf 87' lang='lat'>‚</span> <span class='ocrx_word' id='word_1_62' title='bbox 634 378 667 403; x_wconf 88' lang='lat' dir='ltr'>ut</span> <span class='ocrx_word' id='word_1_63' title='bbox 678 366 743 403; x_wconf 86' lang='lat' dir='ltr'>fieri</span> <span class='ocrx_word' id='word_1_64' title='bbox 754 367 907 407; x_wconf 80' lang='lat' dir='ltr'>decebat)</span> <span class='ocrx_word' id='word_1_65' title='bbox 932 365 982 401; x_wconf 89' lang='lat' dir='ltr'>hic</span> <span class='ocrx_word' id='word_1_66' title='bbox 994 363 1119 401; x_wconf 81' lang='lat' dir='ltr'>eosdem</span> <span class='ocrx_word' id='word_1_67' title='bbox 1133 378 1280 401; x_wconf 86' lang='lat' dir='ltr'>numeros</span> <span class='ocrx_word' id='word_1_68' title='bbox 1291 365 1399 413; x_wconf 80' lang='lat' dir='ltr'>paffirn</span> <span class='ocrx_word' id='word_1_69' title='bbox 1411 366 1585 415; x_wconf 85' lang='lat' dir='ltr'>reliquerit,</span> <span class='ocrx_word' id='word_1_70' title='bbox 1613 381 1706 415; x_wconf 75' lang='lat' dir='ltr'>quum</span> <span class='ocrx_word' id='word_1_71' title='bbox 1721 372 1759 406; x_wconf 70' lang='grc' dir='ltr'>ὃς</span> 
     </span>
     <span class='ocr_line' id='line_1_8' title="bbox 113 413 1758 464; baseline -0.002 -10"><span class='ocrx_word' id='word_1_72' title='bbox 113 419 289 458; x_wconf 74' lang='lat' dir='ltr'>chartarion</span> <span class='ocrx_word' id='word_1_73' title='bbox 299 416 334 453; x_wconf 84' lang='lat' dir='ltr'>fit</span> <span class='ocrx_word' id='word_1_74' title='bbox 358 415 582 463; x_wconf 60' lang='lat' dir='ltr'>rergdn&#39;luz&amp;</span> <span class='ocrx_word' id='word_1_75' title='bbox 592 444 601 458; x_wconf 93' lang='lat'><em>,</em></span> <span class='ocrx_word' id='word_1_76' title='bbox 630 419 663 452; x_wconf 66' lang='grc' dir='ltr'>ὀε</span> <span class='ocrx_word' id='word_1_77' title='bbox 675 417 766 464; x_wconf 85' lang='lat' dir='ltr'>plane</span> <span class='ocrx_word' id='word_1_78' title='bbox 777 416 902 451; x_wconf 84' lang='lat' dir='ltr'>materia</span> <span class='ocrx_word' id='word_1_79' title='bbox 914 415 1018 450; x_wconf 84' lang='lat' dir='ltr'>abillis</span> <span class='ocrx_word' id='word_1_80' title='bbox 1039 415 1176 450; x_wconf 85' lang='lat' dir='ltr'>numeris</span> <span class='ocrx_word' id='word_1_81' title='bbox 1189 416 1222 450; x_wconf 70' lang='grc' dir='ltr'>ὃς</span> <span class='ocrx_word' id='word_1_82' title='bbox 1233 413 1329 462; x_wconf 85' lang='lat' dir='ltr'>scopo</span> <span class='ocrx_word' id='word_1_83' title='bbox 1339 415 1470 450; x_wconf 86' lang='lat' dir='ltr'>Henrici</span> <span class='ocrx_word' id='word_1_84' title='bbox 1484 416 1644 451; x_wconf 82' lang='lat' dir='ltr'>abhorreat</span> <span class='ocrx_word' id='word_1_85' title='bbox 1659 438 1668 455; x_wconf 76' lang='lat'>,</span> <span class='ocrx_word' id='word_1_86' title='bbox 1683 417 1758 451; x_wconf 81' lang='lat' dir='ltr'>lon-</span> 
     </span>
     <span class='ocr_line' id='line_1_9' title="bbox 109 461 1757 518; baseline -0.002 -15"><span class='ocrx_word' id='word_1_87' title='bbox 109 481 150 518; x_wconf 71' lang='lat' dir='ltr'>ge</span> <span class='ocrx_word' id='word_1_88' title='bbox 169 466 246 502; x_wconf 85' lang='lat' dir='ltr'>alind</span> <span class='ocrx_word' id='word_1_89' title='bbox 270 479 305 511; x_wconf 75' lang='lat' dir='ltr'>ac</span> <span class='ocrx_word' id='word_1_90' title='bbox 329 464 478 503; x_wconf 76' lang='lat' dir='ltr'>diversum</span> <span class='ocrx_word' id='word_1_91' title='bbox 496 466 534 500; x_wconf 80' lang='lat' dir='ltr'>in</span> <span class='ocrx_word' id='word_1_92' title='bbox 547 464 609 500; x_wconf 87' lang='lat' dir='ltr'>istis</span> <span class='ocrx_word' id='word_1_93' title='bbox 619 466 757 514; x_wconf 80' lang='lat' dir='ltr'>allegatis</span> <span class='ocrx_word' id='word_1_94' title='bbox 768 465 884 514; x_wconf 82' lang='lat' dir='ltr'>paginis</span> <span class='ocrx_word' id='word_1_95' title='bbox 895 464 1072 499; x_wconf 88' lang='lat' dir='ltr'>continens.</span> <span class='ocrx_word' id='word_1_96' title='bbox 1098 463 1193 498; x_wconf 83' lang='lat' dir='ltr'>Unde</span> <span class='ocrx_word' id='word_1_97' title='bbox 1202 461 1260 502; x_wconf 83' lang='lat' dir='ltr'>fit,</span> <span class='ocrx_word' id='word_1_98' title='bbox 1287 473 1319 498; x_wconf 86' lang='lat' dir='ltr'>ut</span> <span class='ocrx_word' id='word_1_99' title='bbox 1332 462 1454 511; x_wconf 81' lang='lat' dir='ltr'>quoties</span> <span class='ocrx_word' id='word_1_100' title='bbox 1481 464 1592 513; x_wconf 85' lang='lat' dir='ltr'>(idque</span> <span class='ocrx_word' id='word_1_101' title='bbox 1603 466 1757 514; x_wconf 82' lang='lat' dir='ltr'>contingit</span> 
     </span>
     <span class='ocr_line' id='line_1_10' title="bbox 107 512 1758 560; baseline -0.002 -8"><span class='ocrx_word' id='word_1_102' title='bbox 107 515 235 552; x_wconf 83' lang='lat' dir='ltr'>infinitis</span> <span class='ocrx_word' id='word_1_103' title='bbox 245 515 343 555; x_wconf 85' lang='lat' dir='ltr'>locis)</span> <span class='ocrx_word' id='word_1_104' title='bbox 369 515 400 549; x_wconf 92' lang='lat' dir='ltr'>in</span> <span class='ocrx_word' id='word_1_105' title='bbox 412 514 496 550; x_wconf 87' lang='lat' dir='ltr'>notis</span> <span class='ocrx_word' id='word_1_106' title='bbox 509 512 678 549; x_wconf 85' lang='lat' dir='ltr'>Valesianis</span> <span class='ocrx_word' id='word_1_107' title='bbox 689 512 725 548; x_wconf 86' lang='lat' dir='ltr'>fit</span> <span class='ocrx_word' id='word_1_108' title='bbox 735 514 838 549; x_wconf 84' lang='lat' dir='ltr'>citatio</span> <span class='ocrx_word' id='word_1_109' title='bbox 850 514 976 559; x_wconf 82' lang='lat' dir='ltr'>alicujus</span> <span class='ocrx_word' id='word_1_110' title='bbox 986 514 1047 548; x_wconf 90' lang='lat' dir='ltr'>loci</span> <span class='ocrx_word' id='word_1_111' title='bbox 1058 525 1095 546; x_wconf 86' lang='lat' dir='ltr'>ex</span> <span class='ocrx_word' id='word_1_112' title='bbox 1108 513 1302 552; x_wconf 85' lang='lat' dir='ltr'>Ammiano,</span> <span class='ocrx_word' id='word_1_113' title='bbox 1328 512 1419 547; x_wconf 83' lang='lat' dir='ltr'>toties</span> <span class='ocrx_word' id='word_1_114' title='bbox 1433 513 1541 560; x_wconf 82' lang='lat' dir='ltr'>nugaci</span> <span class='ocrx_word' id='word_1_115' title='bbox 1565 525 1657 548; x_wconf 83' lang='lat' dir='ltr'>naevo</span> <span class='ocrx_word' id='word_1_116' title='bbox 1667 512 1698 548; x_wconf 89' lang='lat' dir='ltr'>se</span> <span class='ocrx_word' id='word_1_117' title='bbox 1709 516 1758 548; x_wconf 81' lang='lat' dir='ltr'>in—</span> 
     </span>
     <span class='ocr_line' id='line_1_11' title="bbox 108 560 1762 615; baseline -0.002 -14"><span class='ocrx_word' id='word_1_118' title='bbox 108 565 224 615; x_wconf 83' lang='lat' dir='ltr'>quinet.</span> <span class='ocrx_word' id='word_1_119' title='bbox 251 565 357 612; x_wconf 79' lang='lat' dir='ltr'>Qarn</span> <span class='ocrx_word' id='word_1_120' title='bbox 369 564 452 598; x_wconf 91' lang='lat' dir='ltr'>enim</span> <span class='ocrx_word' id='word_1_121' title='bbox 463 561 577 598; x_wconf 82' lang='lat' dir='ltr'>faedum</span> <span class='ocrx_word' id='word_1_122' title='bbox 591 563 656 604; x_wconf 85' lang='lat' dir='ltr'>est,</span> <span class='ocrx_word' id='word_1_123' title='bbox 680 576 776 611; x_wconf 88' lang='lat' dir='ltr'>quum</span> <span class='ocrx_word' id='word_1_124' title='bbox 798 563 942 598; x_wconf 84' lang='lat' dir='ltr'>editionis</span> <span class='ocrx_word' id='word_1_125' title='bbox 955 560 1093 598; x_wconf 77' lang='lat' dir='ltr'>Parilinae</span> <span class='ocrx_word' id='word_1_126' title='bbox 1115 574 1186 610; x_wconf 86' lang='lat' dir='ltr'>pag.</span> <span class='ocrx_word' id='word_1_127' title='bbox 1196 573 1245 608; x_wconf 88' lang='lat'>49</span> <span class='ocrx_word' id='word_1_128' title='bbox 1269 570 1400 608; x_wconf 85' lang='lat' dir='ltr'>ponatur</span> <span class='ocrx_word' id='word_1_129' title='bbox 1422 560 1582 597; x_wconf 79' lang='lat' dir='ltr'>Valeliana</span> <span class='ocrx_word' id='word_1_130' title='bbox 1604 572 1698 602; x_wconf 83' lang='lat' dir='ltr'>nota,</span> <span class='ocrx_word' id='word_1_131' title='bbox 1728 562 1762 597; x_wconf 89' lang='lat' dir='ltr'>in</span> 
     </span>
     <span class='ocr_line' id='line_1_12' title="bbox 109 607 1762 664; baseline -0.004 -15"><span class='ocrx_word' id='word_1_132' title='bbox 109 626 168 664; x_wconf 80' lang='lat' dir='ltr'>qua</span> <span class='ocrx_word' id='word_1_133' title='bbox 180 612 316 648; x_wconf 83' lang='lat' dir='ltr'>scribitur</span> <span class='ocrx_word' id='word_1_134' title='bbox 341 612 448 660; x_wconf 86' lang='lat' dir='ltr'>[Vide</span> <span class='ocrx_word' id='word_1_135' title='bbox 458 612 675 649; x_wconf 83' lang='lat' dir='ltr'>Marcellinum</span> <span class='ocrx_word' id='word_1_136' title='bbox 685 610 762 647; x_wconf 86' lang='lat' dir='ltr'>infra</span> <span class='ocrx_word' id='word_1_137' title='bbox 779 625 809 660; x_wconf 89' lang='lat' dir='ltr'>p.</span> <span class='ocrx_word' id='word_1_138' title='bbox 824 612 890 660; x_wconf 79' lang='lat'>3¹]</span> <span class='ocrx_word' id='word_1_139' title='bbox 917 611 998 660; x_wconf 89' lang='lat' dir='ltr'>quod</span> <span class='ocrx_word' id='word_1_140' title='bbox 1020 610 1061 646; x_wconf 92' lang='lat' dir='ltr'>ibi</span> <span class='ocrx_word' id='word_1_141' title='bbox 1084 607 1120 644; x_wconf 85' lang='lat' dir='ltr'>fit</span> <span class='ocrx_word' id='word_1_142' title='bbox 1138 611 1170 645; x_wconf 89' lang='lat' dir='ltr'>in</span> <span class='ocrx_word' id='word_1_143' title='bbox 1181 620 1255 645; x_wconf 89' lang='lat' dir='ltr'>nota</span> <span class='ocrx_word' id='word_1_144' title='bbox 1267 609 1304 645; x_wconf 87' lang='lat' dir='ltr'>ad</span> <span class='ocrx_word' id='word_1_145' title='bbox 1326 622 1421 645; x_wconf 78' lang='lat' dir='ltr'>voces</span> <span class='ocrx_word' id='word_1_146' title='bbox 1448 610 1523 644; x_wconf 80' lang='lat' dir='ltr'>Galli</span> <span class='ocrx_word' id='word_1_147' title='bbox 1544 612 1648 657; x_wconf 75' lang='lat' dir='ltr'>periret</span> <span class='ocrx_word' id='word_1_148' title='bbox 1668 621 1762 654; x_wconf 62' lang='lat' dir='ltr'>ayrm-</span> 
     </span>
     <span class='ocr_line' id='line_1_13' title="bbox 109 657 1763 711; baseline -0.003 -13"><span class='ocrx_word' id='word_1_149' title='bbox 109 664 209 701; x_wconf 73' lang='lat' dir='ltr'>culm,</span> <span class='ocrx_word' id='word_1_150' title='bbox 237 674 328 711; x_wconf 82' lang='lat' dir='ltr'>quum</span> <span class='ocrx_word' id='word_1_151' title='bbox 343 674 377 696; x_wconf 87' lang='lat' dir='ltr'>ea</span> <span class='ocrx_word' id='word_1_152' title='bbox 389 661 500 710; x_wconf 85' lang='lat' dir='ltr'>pagina</span> <span class='ocrx_word' id='word_1_153' title='bbox 521 662 584 706; x_wconf 83' lang='lat' dir='ltr'>jam</span> <span class='ocrx_word' id='word_1_154' title='bbox 603 671 764 708; x_wconf 82' lang='lat' dir='ltr'>tantopere</span> <span class='ocrx_word' id='word_1_155' title='bbox 784 659 997 696; x_wconf 74' lang='lat' dir='ltr'>antecesserit?</span> <span class='ocrx_word' id='word_1_156' title='bbox 1025 661 1147 695; x_wconf 89' lang='lat' dir='ltr'>Nonne</span> <span class='ocrx_word' id='word_1_157' title='bbox 1157 659 1337 694; x_wconf 87' lang='lat' dir='ltr'>indecorum</span> <span class='ocrx_word' id='word_1_158' title='bbox 1348 657 1412 697; x_wconf 85' lang='lat' dir='ltr'>est,</span> <span class='ocrx_word' id='word_1_159' title='bbox 1434 657 1555 706; x_wconf 85' lang='lat' dir='ltr'>quodin</span> <span class='ocrx_word' id='word_1_160' title='bbox 1567 659 1617 693; x_wconf 88' lang='lat' dir='ltr'>illa</span> <span class='ocrx_word' id='word_1_161' title='bbox 1626 658 1763 693; x_wconf 84' lang='lat' dir='ltr'>editione</span> 
     </span>
     <span class='ocr_line' id='line_1_14' title="bbox 108 707 1759 758; baseline -0.005 -11"><span class='ocrx_word' id='word_1_162' title='bbox 108 709 333 747; x_wconf 84' lang='lat' dir='ltr'>scribiturlibro</span> <span class='ocrx_word' id='word_1_163' title='bbox 342 724 402 747; x_wconf 85' lang='lat' dir='ltr'>xxv</span> <span class='ocrx_word' id='word_1_164' title='bbox 411 721 447 745; x_wconf 88' lang='lat'>11</span> <span class='ocrx_word' id='word_1_165' title='bbox 464 722 531 756; x_wconf 84' lang='lat' dir='ltr'>cap.</span> <span class='ocrx_word' id='word_1_166' title='bbox 545 720 560 754; x_wconf 83' lang='lat'>5</span> <span class='ocrx_word' id='word_1_167' title='bbox 574 722 645 758; x_wconf 85' lang='lat' dir='ltr'>pag.</span> <span class='ocrx_word' id='word_1_168' title='bbox 657 713 731 756; x_wconf 82' lang='lat'>484</span> <span class='ocrx_word' id='word_1_169' title='bbox 742 710 778 744; x_wconf 85' lang='lat' dir='ltr'>ad</span> <span class='ocrx_word' id='word_1_170' title='bbox 790 722 903 747; x_wconf 87' lang='lat' dir='ltr'>vocem</span> <span class='ocrx_word' id='word_1_171' title='bbox 914 710 1008 758; x_wconf 72' lang='lat' dir='ltr'>Myfia</span> <span class='ocrx_word' id='word_1_172' title='bbox 1018 708 1072 755; x_wconf 89' lang='lat' dir='ltr'>[de</span> <span class='ocrx_word' id='word_1_173' title='bbox 1083 721 1141 755; x_wconf 89' lang='lat' dir='ltr'>qua</span> <span class='ocrx_word' id='word_1_174' title='bbox 1150 707 1350 743; x_wconf 80' lang='lat' dir='ltr'>Marcellinus</span> <span class='ocrx_word' id='word_1_175' title='bbox 1363 707 1394 741; x_wconf 88' lang='lat' dir='ltr'>in</span> <span class='ocrx_word' id='word_1_176' title='bbox 1407 707 1457 743; x_wconf 88' lang='lat' dir='ltr'>lib.</span> <span class='ocrx_word' id='word_1_177' title='bbox 1471 721 1510 741; x_wconf 82' lang='lat' dir='ltr'>xv</span> <span class='ocrx_word' id='word_1_178' title='bbox 1521 719 1532 740; x_wconf 88' lang='grc' dir='ltr'>ι</span> <span class='ocrx_word' id='word_1_179' title='bbox 1543 719 1555 742; x_wconf 85' lang='grc' dir='ltr'>ι</span> <span class='ocrx_word' id='word_1_180' title='bbox 1572 719 1643 755; x_wconf 80' lang='lat' dir='ltr'>pag.</span> <span class='ocrx_word' id='word_1_181' title='bbox 1658 707 1759 755; x_wconf 83' lang='lat'>140?]</span> 
     </span>
     <span class='ocr_line' id='line_1_15' title="bbox 110 754 1762 809; baseline -0.002 -15"><span class='ocrx_word' id='word_1_182' title='bbox 110 772 207 809; x_wconf 79' lang='lat' dir='ltr'>quum</span> <span class='ocrx_word' id='word_1_183' title='bbox 229 759 282 794; x_wconf 83' lang='lat' dir='ltr'>ista</span> <span class='ocrx_word' id='word_1_184' title='bbox 300 759 415 809; x_wconf 79' lang='lat' dir='ltr'>,pagina</span> <span class='ocrx_word' id='word_1_185' title='bbox 434 759 476 794; x_wconf 89' lang='lat' dir='ltr'>ibi</span> <span class='ocrx_word' id='word_1_186' title='bbox 498 758 632 793; x_wconf 81' lang='lat' dir='ltr'>incurrat</span> <span class='ocrx_word' id='word_1_187' title='bbox 652 759 683 793; x_wconf 92' lang='lat' dir='ltr'>in</span> <span class='ocrx_word' id='word_1_188' title='bbox 696 759 807 794; x_wconf 88' lang='lat' dir='ltr'>librum</span> <span class='ocrx_word' id='word_1_189' title='bbox 820 771 881 794; x_wconf 78' lang='lat' dir='ltr'>xvr</span> <span class='ocrx_word' id='word_1_190' title='bbox 900 772 910 800; x_wconf 87' lang='lat'>;</span> <span class='ocrx_word' id='word_1_191' title='bbox 931 767 1020 793; x_wconf 87' lang='lat' dir='ltr'>tanto</span> <span class='ocrx_word' id='word_1_192' title='bbox 1031 756 1223 792; x_wconf 84' lang='lat' dir='ltr'>indecentius</span> <span class='ocrx_word' id='word_1_193' title='bbox 1234 779 1244 796; x_wconf 93' lang='lat'><em>,</em></span> <span class='ocrx_word' id='word_1_194' title='bbox 1264 756 1347 804; x_wconf 85' lang='lat' dir='ltr'>quod</span> <span class='ocrx_word' id='word_1_195' title='bbox 1361 756 1513 791; x_wconf 79' lang='lat' dir='ltr'>I-lenricus</span> <span class='ocrx_word' id='word_1_196' title='bbox 1524 756 1554 789; x_wconf 89' lang='lat' dir='ltr'>in</span> <span class='ocrx_word' id='word_1_197' title='bbox 1566 755 1703 790; x_wconf 83' lang='lat' dir='ltr'>editione</span> <span class='ocrx_word' id='word_1_198' title='bbox 1713 754 1762 790; x_wconf 79' lang='lat' dir='ltr'>sua</span> 
     </span>
     <span class='ocr_line' id='line_1_16' title="bbox 110 803 1763 857; baseline -0.004 -13"><span class='ocrx_word' id='word_1_199' title='bbox 110 808 194 844; x_wconf 70' lang='lat' dir='ltr'>reete</span> <span class='ocrx_word' id='word_1_200' title='bbox 216 809 351 844; x_wconf 82' lang='lat' dir='ltr'>citaverit</span> <span class='ocrx_word' id='word_1_201' title='bbox 371 819 531 857; x_wconf 58' lang='lat' dir='ltr'>pagaoq..</span> <span class='ocrx_word' id='word_1_202' title='bbox 561 806 626 842; x_wconf 81' lang='lat' dir='ltr'>Etsi</span> <span class='ocrx_word' id='word_1_203' title='bbox 648 806 791 856; x_wconf 65' lang='lat' dir='ltr'>profecto</span> <span class='ocrx_word' id='word_1_204' title='bbox 811 806 868 842; x_wconf 89' lang='lat' dir='ltr'>hac</span> <span class='ocrx_word' id='word_1_205' title='bbox 895 806 926 843; x_wconf 85' lang='lat' dir='ltr'>in</span> <span class='ocrx_word' id='word_1_206' title='bbox 939 819 1047 842; x_wconf 86' lang='lat' dir='ltr'>reuon</span> <span class='ocrx_word' id='word_1_207' title='bbox 1060 805 1159 840; x_wconf 87' lang='lat' dir='ltr'>modo</span> <span class='ocrx_word' id='word_1_208' title='bbox 1176 805 1371 854; x_wconf 83' lang='lat' dir='ltr'>negligenter</span> <span class='ocrx_word' id='word_1_209' title='bbox 1383 803 1470 840; x_wconf 82' lang='lat' dir='ltr'>fuerit</span> <span class='ocrx_word' id='word_1_210' title='bbox 1482 814 1623 851; x_wconf 77' lang='lat' dir='ltr'>apparata</span> <span class='ocrx_word' id='word_1_211' title='bbox 1633 803 1763 845; x_wconf 81' lang='lat' dir='ltr'>istaedi-</span> 
     </span>
     <span class='ocr_line' id='line_1_17' title="bbox 110 851 1762 905; baseline -0.004 -12"><span class='ocrx_word' id='word_1_212' title='bbox 110 857 179 900; x_wconf 58' lang='grc' dir='ltr'>εἰσὶ</span> <span class='ocrx_word' id='word_1_213' title='bbox 201 855 847 905; x_wconf 81' lang='lat' dir='ltr'>sedetiamintolerabiliterquodammodo</span> <span class='ocrx_word' id='word_1_214' title='bbox 858 855 953 890; x_wconf 83' lang='lat' dir='ltr'>audax</span> <span class='ocrx_word' id='word_1_215' title='bbox 967 878 978 894; x_wconf 89' lang='lat'>‚</span> <span class='ocrx_word' id='word_1_216' title='bbox 998 854 1101 890; x_wconf 87' lang='lat' dir='ltr'>nescio</span> <span class='ocrx_word' id='word_1_217' title='bbox 1122 854 1205 899; x_wconf 83' lang='lat' dir='ltr'>cujus</span> <span class='ocrx_word' id='word_1_218' title='bbox 1225 855 1419 893; x_wconf 83' lang='lat' dir='ltr'>interventu,</span> <span class='ocrx_word' id='word_1_219' title='bbox 1446 863 1479 887; x_wconf 85' lang='lat' dir='ltr'>ut</span> <span class='ocrx_word' id='word_1_220' title='bbox 1497 853 1577 900; x_wconf 82' lang='lat' dir='ltr'>saepe</span> <span class='ocrx_word' id='word_1_221' title='bbox 1599 851 1704 887; x_wconf 86' lang='lat' dir='ltr'>citatio</span> <span class='ocrx_word' id='word_1_222' title='bbox 1724 852 1762 887; x_wconf 90' lang='lat' dir='ltr'>ab</span> 
     </span>
     <span class='ocr_line' id='line_1_18' title="bbox 110 901 1763 953; baseline -0.003 -11"><span class='ocrx_word' id='word_1_223' title='bbox 110 904 392 942; x_wconf 77' lang='lat' dir='ltr'>Henricoimmiffa</span> <span class='ocrx_word' id='word_1_224' title='bbox 406 930 420 946; x_wconf 81' lang='grc'><strong>,</strong></span> <span class='ocrx_word' id='word_1_225' title='bbox 444 917 539 953; x_wconf 86' lang='lat' dir='ltr'>nuper</span> <span class='ocrx_word' id='word_1_226' title='bbox 550 902 636 939; x_wconf 85' lang='lat' dir='ltr'>fuerit</span> <span class='ocrx_word' id='word_1_227' title='bbox 651 903 924 941; x_wconf 77' lang='lat' dir='ltr'>deleta&amp;0missa.</span> <span class='ocrx_word' id='word_1_228' title='bbox 950 904 1000 938; x_wconf 89' lang='lat' dir='ltr'>Sic</span> <span class='ocrx_word' id='word_1_229' title='bbox 1022 916 1117 952; x_wconf 88' lang='lat' dir='ltr'>quum</span> <span class='ocrx_word' id='word_1_230' title='bbox 1138 902 1241 937; x_wconf 84' lang='lat' dir='ltr'>scribit</span> <span class='ocrx_word' id='word_1_231' title='bbox 1262 903 1418 938; x_wconf 85' lang='lat' dir='ltr'>Henricus</span> <span class='ocrx_word' id='word_1_232' title='bbox 1439 902 1471 937; x_wconf 89' lang='lat' dir='ltr'>in</span> <span class='ocrx_word' id='word_1_233' title='bbox 1481 901 1528 937; x_wconf 88' lang='lat' dir='ltr'>sua</span> <span class='ocrx_word' id='word_1_234' title='bbox 1537 901 1674 937; x_wconf 86' lang='lat' dir='ltr'>editione</span> <span class='ocrx_word' id='word_1_235' title='bbox 1686 913 1763 950; x_wconf 77' lang='lat' dir='ltr'>pag.</span> 
     </span>
     <span class='ocr_line' id='line_1_19' title="bbox 110 950 1763 1003; baseline -0.004 -13"><span class='ocrx_word' id='word_1_236' title='bbox 110 967 188 1002; x_wconf 84' lang='lat'>399,</span> <span class='ocrx_word' id='word_1_237' title='bbox 213 967 280 1003; x_wconf 85' lang='lat' dir='ltr'>quae</span> <span class='ocrx_word' id='word_1_238' title='bbox 298 954 405 990; x_wconf 88' lang='lat' dir='ltr'>incidit</span> <span class='ocrx_word' id='word_1_239' title='bbox 423 954 455 988; x_wconf 91' lang='lat' dir='ltr'>in</span> <span class='ocrx_word' id='word_1_240' title='bbox 476 953 659 1001; x_wconf 89' lang='lat' dir='ltr'>principium</span> <span class='ocrx_word' id='word_1_241' title='bbox 682 954 749 988; x_wconf 88' lang='lat' dir='ltr'>libri</span> <span class='ocrx_word' id='word_1_242' title='bbox 772 967 846 993; x_wconf 76' lang='lat' dir='ltr'><strong>xxx,</strong></span> <span class='ocrx_word' id='word_1_243' title='bbox 868 953 920 990; x_wconf 89' lang='lat' dir='ltr'>ubi</span> <span class='ocrx_word' id='word_1_244' title='bbox 941 951 1074 988; x_wconf 88' lang='lat' dir='ltr'>ostendit</span> <span class='ocrx_word' id='word_1_245' title='bbox 1095 952 1294 999; x_wconf 71' lang='lat' dir='ltr'>inexplicabile</span> <span class='ocrx_word' id='word_1_246' title='bbox 1318 950 1489 998; x_wconf 64' lang='lat' dir='ltr'>subjeetum</span> <span class='ocrx_word' id='word_1_247' title='bbox 1512 963 1568 998; x_wconf 88' lang='lat' dir='ltr'>pro</span> <span class='ocrx_word' id='word_1_248' title='bbox 1586 951 1763 997; x_wconf 63' lang='lat' dir='ltr'>inexpiabile</span> 
     </span>
     <span class='ocr_line' id='line_1_20' title="bbox 111 999 1759 1052; baseline -0.004 -13"><span class='ocrx_word' id='word_1_249' title='bbox 111 1003 225 1052; x_wconf 84' lang='lat' dir='ltr'>[Idem</span> <span class='ocrx_word' id='word_1_250' title='bbox 237 1015 321 1039; x_wconf 87' lang='lat' dir='ltr'>error</span> <span class='ocrx_word' id='word_1_251' title='bbox 329 1003 382 1039; x_wconf 85' lang='lat' dir='ltr'>lib.</span> <span class='ocrx_word' id='word_1_252' title='bbox 395 1017 436 1040; x_wconf 83' lang='lat' dir='ltr'>xv</span> <span class='ocrx_word' id='word_1_253' title='bbox 461 1015 528 1051; x_wconf 85' lang='lat' dir='ltr'>pag.</span> <span class='ocrx_word' id='word_1_254' title='bbox 544 1014 582 1049; x_wconf 80' lang='lat'>35</span> <span class='ocrx_word' id='word_1_255' title='bbox 613 1001 746 1051; x_wconf 90' lang='lat' dir='ltr'>insedit]</span> <span class='ocrx_word' id='word_1_256' title='bbox 770 1002 842 1038; x_wconf 90' lang='lat' dir='ltr'>inde</span> <span class='ocrx_word' id='word_1_257' title='bbox 864 1001 1014 1050; x_wconf 87' lang='lat' dir='ltr'>posterior</span> <span class='ocrx_word' id='word_1_258' title='bbox 1033 1000 1099 1036; x_wconf 87' lang='lat' dir='ltr'>haec</span> <span class='ocrx_word' id='word_1_259' title='bbox 1117 1000 1212 1036; x_wconf 88' lang='lat' dir='ltr'>editio</span> <span class='ocrx_word' id='word_1_260' title='bbox 1229 1013 1294 1048; x_wconf 83' lang='lat' dir='ltr'>pag.</span> <span class='ocrx_word' id='word_1_261' title='bbox 1310 1003 1375 1046; x_wconf 78' lang='lat'>585</span> <span class='ocrx_word' id='word_1_262' title='bbox 1400 999 1540 1047; x_wconf 82' lang='lat' dir='ltr'>quintam</span> <span class='ocrx_word' id='word_1_263' title='bbox 1560 1011 1675 1034; x_wconf 82' lang='lat' dir='ltr'>vocem</span> <span class='ocrx_word' id='word_1_264' title='bbox 1687 1009 1759 1033; x_wconf 86' lang='lat' dir='ltr'>cum</span> 
     </span>
     <span class='ocr_line' id='line_1_21' title="bbox 109 1045 1760 1130; baseline -0.004 -43"><span class='ocrx_word' id='word_1_265' title='bbox 109 1051 270 1100; x_wconf 82' lang='lat' dir='ltr'>postremo</span> <span class='ocrx_word' id='word_1_266' title='bbox 281 1064 413 1089; x_wconf 87' lang='lat' dir='ltr'>nurnero</span> <span class='ocrx_word' id='word_1_267' title='bbox 420 1051 558 1099; x_wconf 84' lang='lat' dir='ltr'>expulit:</span> <span class='ocrx_word' id='word_1_268' title='bbox 578 1052 654 1087; x_wconf 86' lang='lat' dir='ltr'>item</span> <span class='ocrx_word' id='word_1_269' title='bbox 666 1051 782 1086; x_wconf 79' lang='lat' dir='ltr'>innota</span> <span class='ocrx_word' id='word_1_270' title='bbox 795 1050 938 1100; x_wconf 84' lang='lat' dir='ltr'>sequente</span> <span class='ocrx_word' id='word_1_271' title='bbox 948 1050 987 1086; x_wconf 86' lang='lat' dir='ltr'>de</span> <span class='ocrx_word' id='word_1_272' title='bbox 999 1050 1186 1098; x_wconf 59' lang='lat' dir='ltr'>rcicuppediae</span> <span class='ocrx_word' id='word_1_273' title='bbox 1200 1061 1293 1096; x_wconf 85' lang='lat' dir='ltr'>quum</span> <span class='ocrx_word' id='word_1_274' title='bbox 1309 1058 1398 1084; x_wconf 88' lang='lat' dir='ltr'>notet</span> <span class='ocrx_word' id='word_1_275' title='bbox 1412 1048 1568 1083; x_wconf 85' lang='lat' dir='ltr'>Henricus</span> <span class='ocrx_word' id='word_1_276' title='bbox 1586 1045 1669 1130; x_wconf 50' lang='lat' dir='ltr'>¹[hic</span> <span class='ocrx_word' id='word_1_277' title='bbox 1680 1048 1715 1083; x_wconf 79' lang='grc'>8(</span> <span class='ocrx_word' id='word_1_278' title='bbox 1725 1047 1760 1081; x_wconf 86' lang='lat' dir='ltr'>in</span> 
     </span>
     <span class='ocr_line' id='line_1_22' title="bbox 110 1096 1761 1150; baseline -0.004 -14"><span class='ocrx_word' id='word_1_279' title='bbox 110 1100 164 1137; x_wconf 81' lang='lat' dir='ltr'>lib.</span> <span class='ocrx_word' id='word_1_280' title='bbox 177 1111 260 1136; x_wconf 69' lang='lat' dir='ltr'>xxv!</span> <span class='ocrx_word' id='word_1_281' title='bbox 284 1114 354 1150; x_wconf 86' lang='lat' dir='ltr'>pag.</span> <span class='ocrx_word' id='word_1_282' title='bbox 368 1100 456 1148; x_wconf 80' lang='lat'>311]</span> <span class='ocrx_word' id='word_1_283' title='bbox 481 1099 578 1136; x_wconf 87' lang='lat' dir='ltr'>voluit</span> <span class='ocrx_word' id='word_1_284' title='bbox 587 1098 677 1135; x_wconf 86' lang='lat' dir='ltr'>frater</span> <span class='ocrx_word' id='word_1_285' title='bbox 688 1110 807 1136; x_wconf 85' lang='lat' dir='ltr'>tantum</span> <span class='ocrx_word' id='word_1_286' title='bbox 820 1100 868 1136; x_wconf 84' lang='lat' dir='ltr'>edi</span> <span class='ocrx_word' id='word_1_287' title='bbox 890 1098 969 1148; x_wconf 81' lang='lat' dir='ltr'>[hic</span> <span class='ocrx_word' id='word_1_288' title='bbox 986 1103 1018 1134; x_wconf 72' lang='grc' dir='ltr'>δε</span> <span class='ocrx_word' id='word_1_289' title='bbox 1032 1100 1064 1134; x_wconf 91' lang='lat' dir='ltr'>in</span> <span class='ocrx_word' id='word_1_290' title='bbox 1072 1099 1125 1136; x_wconf 88' lang='lat' dir='ltr'>lib.</span> <span class='ocrx_word' id='word_1_291' title='bbox 1141 1098 1246 1145; x_wconf 76' lang='lat' dir='ltr'>xxvr]</span> <span class='ocrx_word' id='word_1_292' title='bbox 1272 1099 1344 1132; x_wconf 90' lang='lat' dir='ltr'>Nec</span> <span class='ocrx_word' id='word_1_293' title='bbox 1355 1096 1489 1136; x_wconf 85' lang='lat' dir='ltr'>adverti,</span> <span class='ocrx_word' id='word_1_294' title='bbox 1513 1096 1566 1131; x_wconf 83' lang='lat' dir='ltr'>nili</span> <span class='ocrx_word' id='word_1_295' title='bbox 1600 1097 1681 1130; x_wconf 87' lang='lat' dir='ltr'>emel</span> <span class='ocrx_word' id='word_1_296' title='bbox 1692 1107 1761 1134; x_wconf 84' lang='lat' dir='ltr'>rnu-</span> 
     </span>
     <span class='ocr_line' id='line_1_23' title="bbox 110 1143 1760 1198; baseline -0.004 -13"><span class='ocrx_word' id='word_1_297' title='bbox 110 1148 215 1187; x_wconf 81' lang='lat' dir='ltr'>tavisse</span> <span class='ocrx_word' id='word_1_298' title='bbox 227 1171 238 1189; x_wconf 70' lang='lat'>2</span> <span class='ocrx_word' id='word_1_299' title='bbox 261 1162 376 1198; x_wconf 87' lang='lat' dir='ltr'>nempe</span> <span class='ocrx_word' id='word_1_300' title='bbox 385 1150 416 1185; x_wconf 88' lang='lat' dir='ltr'>in</span> <span class='ocrx_word' id='word_1_301' title='bbox 426 1149 506 1185; x_wconf 88' lang='lat' dir='ltr'>libro</span> <span class='ocrx_word' id='word_1_302' title='bbox 517 1159 601 1184; x_wconf 87' lang='lat' dir='ltr'>xxx1</span> <span class='ocrx_word' id='word_1_303' title='bbox 615 1161 683 1197; x_wconf 86' lang='lat' dir='ltr'>cap.</span> <span class='ocrx_word' id='word_1_304' title='bbox 698 1160 756 1188; x_wconf 83' lang='lat'>12,</span> <span class='ocrx_word' id='word_1_305' title='bbox 776 1149 826 1185; x_wconf 91' lang='lat' dir='ltr'>ubi</span> <span class='ocrx_word' id='word_1_306' title='bbox 845 1149 975 1184; x_wconf 86' lang='lat' dir='ltr'>notabat</span> <span class='ocrx_word' id='word_1_307' title='bbox 986 1148 1141 1184; x_wconf 85' lang='lat' dir='ltr'>Henricus</span> <span class='ocrx_word' id='word_1_308' title='bbox 1159 1145 1199 1182; x_wconf 84' lang='lat' dir='ltr'>de</span> <span class='ocrx_word' id='word_1_309' title='bbox 1215 1145 1312 1182; x_wconf 87' lang='lat' dir='ltr'>verbo</span> <span class='ocrx_word' id='word_1_310' title='bbox 1323 1147 1438 1195; x_wconf 71' lang='lat' dir='ltr'>retingi.</span> <span class='ocrx_word' id='word_1_311' title='bbox 1472 1146 1568 1180; x_wconf 85' lang='lat' dir='ltr'>Certe</span> <span class='ocrx_word' id='word_1_312' title='bbox 1577 1153 1694 1179; x_wconf 88' lang='lat' dir='ltr'>mutare</span> <span class='ocrx_word' id='word_1_313' title='bbox 1704 1143 1760 1178; x_wconf 90' lang='lat' dir='ltr'>de-</span> 
     </span>
     <span class='ocr_line' id='line_1_24' title="bbox 111 1195 1762 1246; baseline -0.004 -12"><span class='ocrx_word' id='word_1_314' title='bbox 111 1198 216 1235; x_wconf 81' lang='lat' dir='ltr'>buerat</span> <span class='ocrx_word' id='word_1_315' title='bbox 227 1197 368 1235; x_wconf 84' lang='lat' dir='ltr'>vitiosum</span> <span class='ocrx_word' id='word_1_316' title='bbox 376 1196 470 1237; x_wconf 85' lang='lat' dir='ltr'>illud,</span> <span class='ocrx_word' id='word_1_317' title='bbox 493 1197 578 1246; x_wconf 90' lang='lat' dir='ltr'>quod</span> <span class='ocrx_word' id='word_1_318' title='bbox 593 1198 769 1234; x_wconf 87' lang='lat' dir='ltr'>occurritin</span> <span class='ocrx_word' id='word_1_319' title='bbox 778 1207 853 1233; x_wconf 84' lang='lat' dir='ltr'>nota</span> <span class='ocrx_word' id='word_1_320' title='bbox 865 1198 901 1233; x_wconf 87' lang='lat' dir='ltr'>ad</span> <span class='ocrx_word' id='word_1_321' title='bbox 913 1198 1068 1233; x_wconf 80' lang='lat' dir='ltr'>librixxvr</span> <span class='ocrx_word' id='word_1_322' title='bbox 1081 1208 1114 1231; x_wconf 92' lang='lat'>11</span> <span class='ocrx_word' id='word_1_323' title='bbox 1132 1208 1200 1243; x_wconf 90' lang='lat' dir='ltr'>cap.</span> <span class='ocrx_word' id='word_1_324' title='bbox 1215 1206 1232 1240; x_wconf 84' lang='lat'><em>3</em></span> <span class='ocrx_word' id='word_1_325' title='bbox 1251 1207 1319 1243; x_wconf 86' lang='lat' dir='ltr'>pag.</span> <span class='ocrx_word' id='word_1_326' title='bbox 1338 1206 1396 1241; x_wconf 85' lang='lat'>525</span> <span class='ocrx_word' id='word_1_327' title='bbox 1413 1206 1507 1230; x_wconf 78' lang='lat' dir='ltr'>voces</span> <span class='ocrx_word' id='word_1_328' title='bbox 1532 1201 1567 1229; x_wconf 84' lang='lat' dir='ltr'>In</span> <span class='ocrx_word' id='word_1_329' title='bbox 1589 1195 1680 1228; x_wconf 82' lang='lat' dir='ltr'>locum</span> <span class='ocrx_word' id='word_1_330' title='bbox 1703 1198 1762 1228; x_wconf 80' lang='lat' dir='ltr'>Va-</span> 
     </span>
     <span class='ocr_line' id='line_1_25' title="bbox 108 1240 1760 1295; baseline -0.005 -11"><span class='ocrx_word' id='word_1_331' title='bbox 108 1248 193 1284; x_wconf 78' lang='lat' dir='ltr'>lentis</span> <span class='ocrx_word' id='word_1_332' title='bbox 205 1249 297 1284; x_wconf 70' lang='lat' dir='ltr'>ravim·</span> <span class='ocrx_word' id='word_1_333' title='bbox 307 1270 318 1287; x_wconf 89' lang='lat'>‚</span> <span class='ocrx_word' id='word_1_334' title='bbox 345 1246 394 1284; x_wconf 88' lang='lat' dir='ltr'>ubi</span> <span class='ocrx_word' id='word_1_335' title='bbox 408 1245 510 1282; x_wconf 86' lang='lat' dir='ltr'>scribit</span> <span class='ocrx_word' id='word_1_336' title='bbox 521 1245 667 1282; x_wconf 78' lang='lat' dir='ltr'>Valesius.</span> <span class='ocrx_word' id='word_1_337' title='bbox 693 1246 833 1294; x_wconf 86' lang='lat' dir='ltr'>[Movet</span> <span class='ocrx_word' id='word_1_338' title='bbox 847 1259 897 1282; x_wconf 85' lang='lat' dir='ltr'>me</span> <span class='ocrx_word' id='word_1_339' title='bbox 906 1248 993 1282; x_wconf 90' lang='lat' dir='ltr'>locus</span> <span class='ocrx_word' id='word_1_340' title='bbox 1002 1269 1012 1285; x_wconf 89' lang='lat'>,</span> <span class='ocrx_word' id='word_1_341' title='bbox 1024 1246 1074 1295; x_wconf 90' lang='lat' dir='ltr'>qui</span> <span class='ocrx_word' id='word_1_342' title='bbox 1082 1245 1126 1280; x_wconf 90' lang='lat' dir='ltr'>est</span> <span class='ocrx_word' id='word_1_343' title='bbox 1136 1245 1166 1280; x_wconf 90' lang='lat' dir='ltr'>in</span> <span class='ocrx_word' id='word_1_344' title='bbox 1179 1257 1212 1291; x_wconf 83' lang='lat' dir='ltr'>p.</span> <span class='ocrx_word' id='word_1_345' title='bbox 1228 1243 1320 1291; x_wconf 82' lang='lat'><em>370]</em></span> <span class='ocrx_word' id='word_1_346' title='bbox 1333 1243 1383 1277; x_wconf 89' lang='lat' dir='ltr'>ubi</span> <span class='ocrx_word' id='word_1_347' title='bbox 1393 1243 1467 1278; x_wconf 89' lang='lat' dir='ltr'>nihil</span> <span class='ocrx_word' id='word_1_348' title='bbox 1478 1242 1522 1277; x_wconf 87' lang='lat' dir='ltr'>est</span> <span class='ocrx_word' id='word_1_349' title='bbox 1533 1241 1616 1290; x_wconf 87' lang='lat' dir='ltr'>quod</span> <span class='ocrx_word' id='word_1_350' title='bbox 1627 1241 1664 1277; x_wconf 88' lang='lat' dir='ltr'>ad</span> <span class='ocrx_word' id='word_1_351' title='bbox 1679 1240 1760 1277; x_wconf 85' lang='lat' dir='ltr'>hanc</span> 
     </span>
     <span class='ocr_line' id='line_1_26' title="bbox 109 1291 1605 1345; baseline -0.003 -13"><span class='ocrx_word' id='word_1_352' title='bbox 109 1308 176 1332; x_wconf 75' lang='lat' dir='ltr'>rem</span> <span class='ocrx_word' id='word_1_353' title='bbox 186 1294 269 1336; x_wconf 79' lang='lat' dir='ltr'>facit,</span> <span class='ocrx_word' id='word_1_354' title='bbox 282 1297 316 1333; x_wconf 69' lang='grc' dir='ltr'>ὃ(</span> <span class='ocrx_word' id='word_1_355' title='bbox 329 1296 440 1345; x_wconf 79' lang='lat' dir='ltr'>pagina</span> <span class='ocrx_word' id='word_1_356' title='bbox 472 1295 694 1342; x_wconf 82' lang='lat' dir='ltr'>07incurritin</span> <span class='ocrx_word' id='word_1_357' title='bbox 705 1297 812 1331; x_wconf 87' lang='lat' dir='ltr'>locum</span> <span class='ocrx_word' id='word_1_358' title='bbox 822 1295 890 1331; x_wconf 81' lang='lat' dir='ltr'>libri</span> <span class='ocrx_word' id='word_1_359' title='bbox 904 1307 958 1338; x_wconf 82' lang='lat'>25,</span> <span class='ocrx_word' id='word_1_360' title='bbox 982 1307 1074 1344; x_wconf 88' lang='lat' dir='ltr'>quem</span> <span class='ocrx_word' id='word_1_361' title='bbox 1091 1294 1205 1333; x_wconf 82' lang='lat' dir='ltr'>citavit3</span> <span class='ocrx_word' id='word_1_362' title='bbox 1218 1302 1250 1326; x_wconf 88' lang='lat' dir='ltr'>ut</span> <span class='ocrx_word' id='word_1_363' title='bbox 1261 1292 1393 1326; x_wconf 84' lang='lat' dir='ltr'>nesciam</span> <span class='ocrx_word' id='word_1_364' title='bbox 1406 1313 1417 1330; x_wconf 85' lang='lat'>‚</span> <span class='ocrx_word' id='word_1_365' title='bbox 1437 1291 1508 1338; x_wconf 88' lang='lat' dir='ltr'>quid</span> <span class='ocrx_word' id='word_1_366' title='bbox 1520 1291 1605 1327; x_wconf 87' lang='lat' dir='ltr'>velit.</span> 
     </span>
     <span class='ocr_line' id='line_1_27' title="bbox 126 1307 1760 1390; baseline -0.004 -10"><span class='ocrx_word' id='word_1_367' title='bbox 126 1365 129 1367; x_wconf 61' lang='lat'>&gt;</span> <span class='ocrx_word' id='word_1_368' title='bbox 156 1307 517 1384; x_wconf 52' lang='lat' dir='ltr'>Secundooccurreliant</span> <span class='ocrx_word' id='word_1_369' title='bbox 527 1343 559 1379; x_wconf 91' lang='lat' dir='ltr'>in</span> <span class='ocrx_word' id='word_1_370' title='bbox 573 1343 742 1380; x_wconf 82' lang='lat' dir='ltr'>Valelianis</span> <span class='ocrx_word' id='word_1_371' title='bbox 751 1344 983 1380; x_wconf 83' lang='lat' dir='ltr'>commentariis</span> <span class='ocrx_word' id='word_1_372' title='bbox 1004 1344 1098 1390; x_wconf 88' lang='lat' dir='ltr'>aperti</span> <span class='ocrx_word' id='word_1_373' title='bbox 1111 1341 1233 1390; x_wconf 83' lang='lat' dir='ltr'>quidam</span> <span class='ocrx_word' id='word_1_374' title='bbox 1246 1352 1362 1374; x_wconf 80' lang='lat' dir='ltr'>errores</span> <span class='ocrx_word' id='word_1_375' title='bbox 1374 1338 1434 1373; x_wconf 83' lang='lat' dir='ltr'>five</span> <span class='ocrx_word' id='word_1_376' title='bbox 1446 1339 1675 1386; x_wconf 82' lang='lat' dir='ltr'>typothetarum</span> <span class='ocrx_word' id='word_1_377' title='bbox 1697 1338 1760 1375; x_wconf 78' lang='lat' dir='ltr'>five</span> 
     </span>
     <span class='ocr_line' id='line_1_28' title="bbox 109 1385 1762 1442; baseline -0.004 -14"><span class='ocrx_word' id='word_1_378' title='bbox 109 1391 199 1441; x_wconf 76' lang='lat' dir='ltr'>ipsius</span> <span class='ocrx_word' id='word_1_379' title='bbox 208 1392 388 1436; x_wconf 76' lang='lat' dir='ltr'>scribentis;</span> <span class='ocrx_word' id='word_1_380' title='bbox 409 1405 488 1442; x_wconf 75' lang='lat' dir='ltr'>quos</span> <span class='ocrx_word' id='word_1_381' title='bbox 499 1406 595 1441; x_wconf 85' lang='lat' dir='ltr'>quum</span> <span class='ocrx_word' id='word_1_382' title='bbox 613 1394 679 1436; x_wconf 84' lang='lat' dir='ltr'>jure</span> <span class='ocrx_word' id='word_1_383' title='bbox 698 1392 850 1439; x_wconf 80' lang='lat' dir='ltr'>sperarem</span> <span class='ocrx_word' id='word_1_384' title='bbox 863 1391 1046 1428; x_wconf 82' lang='lat' dir='ltr'>emendatos</span> <span class='ocrx_word' id='word_1_385' title='bbox 1067 1390 1126 1426; x_wconf 80' lang='lat' dir='ltr'>effe</span> <span class='ocrx_word' id='word_1_386' title='bbox 1137 1412 1147 1429; x_wconf 90' lang='lat'>‚</span> <span class='ocrx_word' id='word_1_387' title='bbox 1170 1398 1219 1423; x_wconf 83' lang='lat' dir='ltr'>aut</span> <span class='ocrx_word' id='word_1_388' title='bbox 1234 1389 1340 1422; x_wconf 73' lang='lat' dir='ltr'>saltem</span> <span class='ocrx_word' id='word_1_389' title='bbox 1354 1385 1443 1434; x_wconf 83' lang='lat' dir='ltr'>ligno</span> <span class='ocrx_word' id='word_1_390' title='bbox 1454 1388 1555 1434; x_wconf 87' lang='lat' dir='ltr'>aliquo</span> <span class='ocrx_word' id='word_1_391' title='bbox 1567 1387 1762 1422; x_wconf 83' lang='lat' dir='ltr'>demonstra·</span> 
     </span>
     <span class='ocr_line' id='line_1_29' title="bbox 111 1433 1762 1488; baseline -0.008 -5"><span class='ocrx_word' id='word_1_392' title='bbox 111 1451 162 1484; x_wconf 62' lang='grc' dir='ltr'>ξοδ</span> <span class='ocrx_word' id='word_1_393' title='bbox 171 1463 184 1480; x_wconf 75' lang='lat'><em>2</em></span> <span class='ocrx_word' id='word_1_394' title='bbox 197 1442 308 1477; x_wconf 77' lang='lat' dir='ltr'>tetrum</span> <span class='ocrx_word' id='word_1_395' title='bbox 320 1441 352 1476; x_wconf 91' lang='lat' dir='ltr'>in</span> <span class='ocrx_word' id='word_1_396' title='bbox 366 1440 497 1476; x_wconf 85' lang='lat' dir='ltr'>modum</span> <span class='ocrx_word' id='word_1_397' title='bbox 508 1439 694 1488; x_wconf 87' lang='lat' dir='ltr'>deprehendi</span> <span class='ocrx_word' id='word_1_398' title='bbox 703 1441 766 1475; x_wconf 91' lang='lat' dir='ltr'>illic</span> <span class='ocrx_word' id='word_1_399' title='bbox 777 1453 844 1478; x_wconf 85' lang='lat' dir='ltr'>non</span> <span class='ocrx_word' id='word_1_400' title='bbox 856 1440 955 1475; x_wconf 89' lang='lat' dir='ltr'>modo</span> <span class='ocrx_word' id='word_1_401' title='bbox 964 1439 1094 1475; x_wconf 64' lang='lat' dir='ltr'>relicros</span> <span class='ocrx_word' id='word_1_402' title='bbox 1104 1447 1221 1473; x_wconf 83' lang='lat' dir='ltr'>veteres</span> <span class='ocrx_word' id='word_1_403' title='bbox 1232 1457 1241 1473; x_wconf 90' lang='lat'><strong>,</strong></span> <span class='ocrx_word' id='word_1_404' title='bbox 1254 1434 1302 1468; x_wconf 89' lang='lat' dir='ltr'>sed</span> <span class='ocrx_word' id='word_1_405' title='bbox 1316 1447 1421 1469; x_wconf 85' lang='lat' dir='ltr'>novos</span> <span class='ocrx_word' id='word_1_406' title='bbox 1432 1433 1592 1470; x_wconf 78' lang='lat' dir='ltr'>acceffisse.</span> <span class='ocrx_word' id='word_1_407' title='bbox 1621 1435 1670 1469; x_wconf 90' lang='lat' dir='ltr'>Sic</span> <span class='ocrx_word' id='word_1_408' title='bbox 1680 1435 1762 1470; x_wconf 91' lang='lat' dir='ltr'>libro</span> 
     </span>
     <span class='ocr_line' id='line_1_30' title="bbox 111 1482 1762 1537; baseline -0.004 -12"><span class='ocrx_word' id='word_1_409' title='bbox 111 1503 152 1526; x_wconf 87' lang='lat' dir='ltr'>xv</span> <span class='ocrx_word' id='word_1_410' title='bbox 164 1501 230 1537; x_wconf 85' lang='lat' dir='ltr'>cap.</span> <span class='ocrx_word' id='word_1_411' title='bbox 245 1501 270 1536; x_wconf 86' lang='lat'>4</span> <span class='ocrx_word' id='word_1_412' title='bbox 287 1489 326 1524; x_wconf 87' lang='lat' dir='ltr'>de</span> <span class='ocrx_word' id='word_1_413' title='bbox 333 1488 417 1524; x_wconf 83' lang='lat' dir='ltr'>finali</span> <span class='ocrx_word' id='word_1_414' title='bbox 429 1488 615 1524; x_wconf 83' lang='lat' dir='ltr'>libramento</span> <span class='ocrx_word' id='word_1_415' title='bbox 628 1488 706 1536; x_wconf 85' lang='lat' dir='ltr'>apud</span> <span class='ocrx_word' id='word_1_416' title='bbox 717 1489 893 1523; x_wconf 82' lang='lat' dir='ltr'>Henricurn</span> <span class='ocrx_word' id='word_1_417' title='bbox 911 1487 1090 1522; x_wconf 78' lang='lat' dir='ltr'>nominatur</span> <span class='ocrx_word' id='word_1_418' title='bbox 1103 1484 1260 1520; x_wconf 84' lang='lat' dir='ltr'>Antonius</span> <span class='ocrx_word' id='word_1_419' title='bbox 1273 1482 1445 1523; x_wconf 44' lang='lat' dir='ltr'>Loisellusv,</span> <span class='ocrx_word' id='word_1_420' title='bbox 1462 1483 1493 1517; x_wconf 87' lang='lat' dir='ltr'>in</span> <span class='ocrx_word' id='word_1_421' title='bbox 1513 1497 1596 1519; x_wconf 87' lang='lat' dir='ltr'>nova</span> <span class='ocrx_word' id='word_1_422' title='bbox 1609 1482 1762 1519; x_wconf 80' lang='lat' dir='ltr'>Parilienfi</span> 
     </span>
     <span class='ocr_line' id='line_1_31' title="bbox 111 1531 1762 1584; baseline -0.004 -10"><span class='ocrx_word' id='word_1_423' title='bbox 111 1537 301 1574; x_wconf 82' lang='lat' dir='ltr'>Antoninus.</span> <span class='ocrx_word' id='word_1_424' title='bbox 318 1538 377 1577; x_wconf 42' lang='lat' dir='ltr'>xSic</span> <span class='ocrx_word' id='word_1_425' title='bbox 387 1537 468 1573; x_wconf 87' lang='lat' dir='ltr'>libro</span> <span class='ocrx_word' id='word_1_426' title='bbox 480 1549 559 1572; x_wconf 80' lang='lat' dir='ltr'>xxxr</span> <span class='ocrx_word' id='word_1_427' title='bbox 573 1547 640 1583; x_wconf 57' lang='lat' dir='ltr'>cap,</span> <span class='ocrx_word' id='word_1_428' title='bbox 660 1548 697 1582; x_wconf 72' lang='lat'>13</span> <span class='ocrx_word' id='word_1_429' title='bbox 721 1536 772 1572; x_wconf 88' lang='lat' dir='ltr'>ubi</span> <span class='ocrx_word' id='word_1_430' title='bbox 781 1545 906 1572; x_wconf 83' lang='lat' dir='ltr'>notatur</span> <span class='ocrx_word' id='word_1_431' title='bbox 916 1535 955 1572; x_wconf 90' lang='lat' dir='ltr'>de</span> <span class='ocrx_word' id='word_1_432' title='bbox 964 1534 1110 1584; x_wconf 83' lang='lat' dir='ltr'>Equitio,</span> <span class='ocrx_word' id='word_1_433' title='bbox 1134 1545 1217 1569; x_wconf 89' lang='lat' dir='ltr'>nunc</span> <span class='ocrx_word' id='word_1_434' title='bbox 1237 1531 1371 1579; x_wconf 62' lang='lat' dir='ltr'>primurn</span> <span class='ocrx_word' id='word_1_435' title='bbox 1392 1544 1430 1566; x_wconf 84' lang='lat' dir='ltr'>ex</span> <span class='ocrx_word' id='word_1_436' title='bbox 1449 1532 1656 1583; x_wconf 81' lang='lat' dir='ltr'>chirographo</span> <span class='ocrx_word' id='word_1_437' title='bbox 1669 1535 1762 1568; x_wconf 85' lang='lat' dir='ltr'>Hen-</span> 
     </span>
     <span class='ocr_line' id='line_1_32' title="bbox 108 1580 1762 1633; baseline -0.004 -11"><span class='ocrx_word' id='word_1_438' title='bbox 108 1585 165 1622; x_wconf 83' lang='lat' dir='ltr'>rici</span> <span class='ocrx_word' id='word_1_439' title='bbox 173 1584 291 1622; x_wconf 85' lang='lat' dir='ltr'>additur</span> <span class='ocrx_word' id='word_1_440' title='bbox 318 1585 334 1633; x_wconf 90' lang='lat'>[</span> <span class='ocrx_word' id='word_1_441' title='bbox 345 1587 492 1633; x_wconf 74' lang='lat' dir='ltr'>Atqueita</span> <span class='ocrx_word' id='word_1_442' title='bbox 501 1587 574 1621; x_wconf 81' lang='lat' dir='ltr'>citat</span> <span class='ocrx_word' id='word_1_443' title='bbox 584 1585 822 1632; x_wconf 74' lang='lat' dir='ltr'>crispinianusin</span> <span class='ocrx_word' id='word_1_444' title='bbox 835 1584 946 1633; x_wconf 80' lang='lat' dir='ltr'>fastis]</span> <span class='ocrx_word' id='word_1_445' title='bbox 967 1584 1066 1620; x_wconf 85' lang='lat' dir='ltr'>Libro</span> <span class='ocrx_word' id='word_1_446' title='bbox 1078 1595 1137 1619; x_wconf 74' lang='lat' dir='ltr'>xxi</span> <span class='ocrx_word' id='word_1_447' title='bbox 1149 1594 1160 1616; x_wconf 87' lang='lat'>1</span> <span class='ocrx_word' id='word_1_448' title='bbox 1173 1594 1185 1616; x_wconf 85' lang='lat'>1</span> <span class='ocrx_word' id='word_1_449' title='bbox 1212 1594 1279 1627; x_wconf 87' lang='lat' dir='ltr'>cap.</span> <span class='ocrx_word' id='word_1_450' title='bbox 1295 1592 1309 1624; x_wconf 88' lang='lat'>5</span> <span class='ocrx_word' id='word_1_451' title='bbox 1337 1580 1409 1615; x_wconf 87' lang='lat' dir='ltr'>citat</span> <span class='ocrx_word' id='word_1_452' title='bbox 1429 1582 1584 1616; x_wconf 87' lang='lat' dir='ltr'>Henricus</span> <span class='ocrx_word' id='word_1_453' title='bbox 1605 1581 1696 1616; x_wconf 87' lang='lat' dir='ltr'>verba</span> <span class='ocrx_word' id='word_1_454' title='bbox 1708 1587 1762 1616; x_wconf 81' lang='grc' dir='ltr'>1η-</span> 
     </span>
     <span class='ocr_line' id='line_1_33' title="bbox 107 1628 1762 1683; baseline -0.004 -13"><span class='ocrx_word' id='word_1_455' title='bbox 107 1635 246 1680; x_wconf 70' lang='lat' dir='ltr'>terpretes</span> <span class='ocrx_word' id='word_1_456' title='bbox 263 1636 374 1682; x_wconf 71' lang='lat' dir='ltr'>arceſsit</span> <span class='ocrx_word' id='word_1_457' title='bbox 386 1657 396 1674; x_wconf 89' lang='lat'>‚</span> <span class='ocrx_word' id='word_1_458' title='bbox 415 1635 450 1671; x_wconf 89' lang='lat'>&amp;</span> <span class='ocrx_word' id='word_1_459' title='bbox 469 1643 559 1669; x_wconf 85' lang='lat' dir='ltr'>notat</span> <span class='ocrx_word' id='word_1_460' title='bbox 578 1632 691 1683; x_wconf 84' lang='lat' dir='ltr'>[Lege</span> <span class='ocrx_word' id='word_1_461' title='bbox 704 1635 827 1683; x_wconf 67' lang='lat' dir='ltr'>arcessiti</span> <span class='ocrx_word' id='word_1_462' title='bbox 846 1634 1073 1680; x_wconf 80' lang='lat' dir='ltr'>interrogatique</span> <span class='ocrx_word' id='word_1_463' title='bbox 1090 1654 1106 1672; x_wconf 74' lang='grc'><strong>,</strong></span> <span class='ocrx_word' id='word_1_464' title='bbox 1119 1641 1152 1666; x_wconf 85' lang='lat' dir='ltr'>ut</span> <span class='ocrx_word' id='word_1_465' title='bbox 1171 1629 1263 1665; x_wconf 86' lang='lat' dir='ltr'>habet</span> <span class='ocrx_word' id='word_1_466' title='bbox 1284 1629 1392 1663; x_wconf 88' lang='lat' dir='ltr'>Editio</span> <span class='ocrx_word' id='word_1_467' title='bbox 1416 1628 1617 1678; x_wconf 77' lang='lat' dir='ltr'>Augustam]</span> <span class='ocrx_word' id='word_1_468' title='bbox 1639 1633 1677 1665; x_wconf 91' lang='lat' dir='ltr'>In</span> <span class='ocrx_word' id='word_1_469' title='bbox 1698 1642 1762 1677; x_wconf 88' lang='lat' dir='ltr'>quo</span> 
     </span>
     <span class='ocr_line' id='line_1_34' title="bbox 107 1677 1761 1732; baseline -0.004 -14"><span class='ocrx_word' id='word_1_470' title='bbox 107 1681 196 1718; x_wconf 83' lang='lat' dir='ltr'>falsus</span> <span class='ocrx_word' id='word_1_471' title='bbox 207 1681 262 1719; x_wconf 84' lang='lat' dir='ltr'>fuit</span> <span class='ocrx_word' id='word_1_472' title='bbox 272 1683 332 1719; x_wconf 90' lang='lat' dir='ltr'>Vir</span> <span class='ocrx_word' id='word_1_473' title='bbox 342 1683 498 1731; x_wconf 44' lang='lat' dir='ltr'>optimusa</span> <span class='ocrx_word' id='word_1_474' title='bbox 515 1683 642 1732; x_wconf 83' lang='lat' dir='ltr'>Legitur</span> <span class='ocrx_word' id='word_1_475' title='bbox 652 1682 736 1717; x_wconf 88' lang='lat' dir='ltr'>enim</span> <span class='ocrx_word' id='word_1_476' title='bbox 749 1685 828 1717; x_wconf 90' lang='lat' dir='ltr'>clare</span> <span class='ocrx_word' id='word_1_477' title='bbox 838 1682 869 1716; x_wconf 92' lang='lat' dir='ltr'>in</span> <span class='ocrx_word' id='word_1_478' title='bbox 880 1681 933 1718; x_wconf 85' lang='lat' dir='ltr'>ista</span> <span class='ocrx_word' id='word_1_479' title='bbox 944 1681 1081 1717; x_wconf 89' lang='lat' dir='ltr'>editione</span> <span class='ocrx_word' id='word_1_480' title='bbox 1089 1680 1228 1727; x_wconf 78' lang='lat' dir='ltr'>accerfiti.</span> <span class='ocrx_word' id='word_1_481' title='bbox 1257 1677 1355 1724; x_wconf 82' lang='lat' dir='ltr'>Qod</span> <span class='ocrx_word' id='word_1_482' title='bbox 1379 1687 1467 1713; x_wconf 82' lang='lat' dir='ltr'>tanto</span> <span class='ocrx_word' id='word_1_483' title='bbox 1487 1679 1649 1724; x_wconf 84' lang='lat' dir='ltr'>notabilius</span> <span class='ocrx_word' id='word_1_484' title='bbox 1660 1701 1670 1718; x_wconf 86' lang='lat'>‚</span> <span class='ocrx_word' id='word_1_485' title='bbox 1691 1678 1761 1728; x_wconf 82' lang='lat' dir='ltr'>quia</span> 
     </span>
     <span class='ocr_line' id='line_1_35' title="bbox 107 1729 1079 1780; baseline -0.004 -12"><span class='ocrx_word' id='word_1_486' title='bbox 107 1730 268 1768; x_wconf 77' lang='lat' dir='ltr'>Hadriano</span> <span class='ocrx_word' id='word_1_487' title='bbox 278 1731 320 1767; x_wconf 91' lang='lat' dir='ltr'>ibi</span> <span class='ocrx_word' id='word_1_488' title='bbox 331 1732 442 1780; x_wconf 85' lang='lat' dir='ltr'>placuit</span> <span class='ocrx_word' id='word_1_489' title='bbox 454 1730 564 1768; x_wconf 85' lang='lat' dir='ltr'>addere</span> <span class='ocrx_word' id='word_1_490' title='bbox 573 1754 582 1770; x_wconf 88' lang='lat'><em>‚</em></span> <span class='ocrx_word' id='word_1_491' title='bbox 595 1731 626 1766; x_wconf 91' lang='lat' dir='ltr'>in</span> <span class='ocrx_word' id='word_1_492' title='bbox 638 1731 746 1767; x_wconf 91' lang='lat' dir='ltr'>codice</span> <span class='ocrx_word' id='word_1_493' title='bbox 757 1731 946 1767; x_wconf 86' lang='lat' dir='ltr'>Colbertino</span> <span class='ocrx_word' id='word_1_494' title='bbox 955 1729 996 1765; x_wconf 84' lang='lat' dir='ltr'>fic</span> <span class='ocrx_word' id='word_1_495' title='bbox 1006 1731 1079 1779; x_wconf 85' lang='lat' dir='ltr'>legi.</span> 
     </span>
    </p>

    <p class='ocr_par' dir='ltr' id='par_1_4' title="bbox 109 1774 1763 2074">
     <span class='ocr_line' id='line_1_36' title="bbox 159 1774 1763 1829; baseline -0.004 -14"><span class='ocrx_word' id='word_1_496' title='bbox 159 1780 257 1817; x_wconf 90' lang='lat' dir='ltr'>Libro</span> <span class='ocrx_word' id='word_1_497' title='bbox 269 1792 327 1816; x_wconf 79' lang='lat' dir='ltr'>xxx</span> <span class='ocrx_word' id='word_1_498' title='bbox 353 1793 421 1829; x_wconf 84' lang='lat' dir='ltr'>cap.</span> <span class='ocrx_word' id='word_1_499' title='bbox 438 1793 478 1817; x_wconf 90' lang='lat'>10</span> <span class='ocrx_word' id='word_1_500' title='bbox 500 1779 674 1816; x_wconf 82' lang='lat' dir='ltr'>Hadrianus</span> <span class='ocrx_word' id='word_1_501' title='bbox 693 1793 810 1816; x_wconf 83' lang='lat' dir='ltr'>novam</span> <span class='ocrx_word' id='word_1_502' title='bbox 832 1790 942 1816; x_wconf 86' lang='lat' dir='ltr'>notam</span> <span class='ocrx_word' id='word_1_503' title='bbox 962 1778 1062 1816; x_wconf 85' lang='lat' dir='ltr'>fratris</span> <span class='ocrx_word' id='word_1_504' title='bbox 1082 1777 1209 1827; x_wconf 87' lang='lat' dir='ltr'>protulit</span> <span class='ocrx_word' id='word_1_505' title='bbox 1229 1777 1265 1812; x_wconf 85' lang='lat' dir='ltr'>ad</span> <span class='ocrx_word' id='word_1_506' title='bbox 1286 1777 1376 1813; x_wconf 83' lang='lat' dir='ltr'>verba</span> <span class='ocrx_word' id='word_1_507' title='bbox 1400 1777 1431 1810; x_wconf 80' lang='lat' dir='ltr'>in</span> <span class='ocrx_word' id='word_1_508' title='bbox 1449 1774 1593 1822; x_wconf 54' lang='lat' dir='ltr'>angustiat</span> <span class='ocrx_word' id='word_1_509' title='bbox 1612 1774 1763 1821; x_wconf 82' lang='lat' dir='ltr'>tumidofis-</span> 
     </span>
     <span class='ocr_line' id='line_1_37' title="bbox 109 1823 1759 1877; baseline -0.005 -12"><span class='ocrx_word' id='word_1_510' title='bbox 109 1827 220 1865; x_wconf 59' lang='lat' dir='ltr'>collibus</span> <span class='ocrx_word' id='word_1_511' title='bbox 242 1829 415 1877; x_wconf 74' lang='lat' dir='ltr'>desinentes,</span> <span class='ocrx_word' id='word_1_512' title='bbox 434 1829 486 1866; x_wconf 87' lang='lat' dir='ltr'>ubi</span> <span class='ocrx_word' id='word_1_513' title='bbox 496 1827 611 1865; x_wconf 82' lang='lat' dir='ltr'>diversa</span> <span class='ocrx_word' id='word_1_514' title='bbox 633 1827 773 1864; x_wconf 60' lang='lat' dir='ltr'>confudit</span> <span class='ocrx_word' id='word_1_515' title='bbox 792 1829 823 1865; x_wconf 87' lang='lat' dir='ltr'>in</span> <span class='ocrx_word' id='word_1_516' title='bbox 842 1842 952 1866; x_wconf 74' lang='lat' dir='ltr'>unum.</span> <span class='ocrx_word' id='word_1_517' title='bbox 976 1831 1064 1864; x_wconf 84' lang='lat' dir='ltr'>Nam</span> <span class='ocrx_word' id='word_1_518' title='bbox 1085 1827 1192 1863; x_wconf 88' lang='lat' dir='ltr'>omnia</span> <span class='ocrx_word' id='word_1_519' title='bbox 1211 1826 1261 1861; x_wconf 87' lang='lat' dir='ltr'>illa</span> <span class='ocrx_word' id='word_1_520' title='bbox 1282 1827 1375 1862; x_wconf 87' lang='lat' dir='ltr'>verba</span> <span class='ocrx_word' id='word_1_521' title='bbox 1407 1824 1528 1872; x_wconf 85' lang='lat' dir='ltr'>[Apud</span> <span class='ocrx_word' id='word_1_522' title='bbox 1539 1823 1759 1870; x_wconf 85' lang='lat' dir='ltr'>Nicephorum</span> 
     </span>
     <span class='ocr_line' id='line_1_38' title="bbox 110 1871 1762 1926; baseline -0.005 -13"><span class='ocrx_word' id='word_1_523' title='bbox 110 1876 142 1917; x_wconf 85' lang='lat' dir='ltr'>in</span> <span class='ocrx_word' id='word_1_524' title='bbox 157 1876 225 1912; x_wconf 90' lang='lat' dir='ltr'>libri</span> <span class='ocrx_word' id='word_1_525' title='bbox 236 1890 260 1922; x_wconf 90' lang='lat'>9.</span> <span class='ocrx_word' id='word_1_526' title='bbox 282 1878 382 1925; x_wconf 89' lang='lat' dir='ltr'>capite</span> <span class='ocrx_word' id='word_1_527' title='bbox 396 1889 430 1922; x_wconf 81' lang='lat'>13</span> <span class='ocrx_word' id='word_1_528' title='bbox 454 1878 563 1926; x_wconf 72' lang='lat' dir='ltr'>legitur</span> <span class='ocrx_word' id='word_1_529' title='bbox 579 1878 698 1916; x_wconf 72' lang='grc' dir='ltr'>σέπικις</span> <span class='ocrx_word' id='word_1_530' title='bbox 721 1890 787 1913; x_wconf 90' lang='lat' dir='ltr'>non</span> <span class='ocrx_word' id='word_1_531' title='bbox 799 1878 901 1914; x_wconf 85' lang='lat' dir='ltr'>multo</span> <span class='ocrx_word' id='word_1_532' title='bbox 912 1877 1019 1913; x_wconf 87' lang='lat' dir='ltr'>melius</span> <span class='ocrx_word' id='word_1_533' title='bbox 1032 1890 1124 1926; x_wconf 82' lang='lat' dir='ltr'>quarn</span> <span class='ocrx_word' id='word_1_534' title='bbox 1136 1874 1213 1922; x_wconf 82' lang='lat' dir='ltr'>apud</span> <span class='ocrx_word' id='word_1_535' title='bbox 1225 1878 1385 1910; x_wconf 80' lang='lat' dir='ltr'>Socratem</span> <span class='ocrx_word' id='word_1_536' title='bbox 1398 1896 1408 1912; x_wconf 86' lang='lat'>‚</span> <span class='ocrx_word' id='word_1_537' title='bbox 1431 1885 1466 1907; x_wconf 85' lang='lat' dir='ltr'>ex</span> <span class='ocrx_word' id='word_1_538' title='bbox 1478 1886 1540 1920; x_wconf 81' lang='lat' dir='ltr'>quo</span> <span class='ocrx_word' id='word_1_539' title='bbox 1553 1872 1582 1906; x_wconf 93' lang='lat' dir='ltr'>id</span> <span class='ocrx_word' id='word_1_540' title='bbox 1595 1871 1762 1918; x_wconf 81' lang='lat' dir='ltr'>Nicepho-</span> 
     </span>
     <span class='ocr_line' id='line_1_39' title="bbox 111 1919 1760 1976; baseline -0.005 -15"><span class='ocrx_word' id='word_1_541' title='bbox 111 1938 161 1962; x_wconf 72' lang='grc' dir='ltr'>ωε</span> <span class='ocrx_word' id='word_1_542' title='bbox 181 1924 346 1974; x_wconf 81' lang='lat' dir='ltr'>exscripsit.</span> <span class='ocrx_word' id='word_1_543' title='bbox 370 1927 462 1968; x_wconf 73' lang='lat' dir='ltr'>Unus</span> <span class='ocrx_word' id='word_1_544' title='bbox 472 1925 695 1976; x_wconf 86' lang='lat' dir='ltr'>Philostorgius</span> <span class='ocrx_word' id='word_1_545' title='bbox 708 1927 740 1962; x_wconf 91' lang='lat' dir='ltr'>in</span> <span class='ocrx_word' id='word_1_546' title='bbox 749 1926 828 1962; x_wconf 87' lang='lat' dir='ltr'>libro</span> <span class='ocrx_word' id='word_1_547' title='bbox 844 1939 898 1963; x_wconf 85' lang='lat'>111</span> <span class='ocrx_word' id='word_1_548' title='bbox 914 1927 1008 1962; x_wconf 62' lang='lat' dir='ltr'>reete.</span> <span class='ocrx_word' id='word_1_549' title='bbox 1016 1925 1159 1962; x_wconf 87' lang='lat' dir='ltr'>nominat</span> <span class='ocrx_word' id='word_1_550' title='bbox 1172 1925 1276 1963; x_wconf 67' lang='grc' dir='ltr'><em>Σέκεις</em></span> <span class='ocrx_word' id='word_1_551' title='bbox 1287 1933 1416 1961; x_wconf 53' lang='lat' dir='ltr'>Ana-etc:</span> <span class='ocrx_word' id='word_1_552' title='bbox 1437 1920 1485 1956; x_wconf 87' lang='lat' dir='ltr'>sed</span> <span class='ocrx_word' id='word_1_553' title='bbox 1500 1919 1703 1966; x_wconf 84' lang='lat' dir='ltr'>Nicephorus</span> <span class='ocrx_word' id='word_1_554' title='bbox 1726 1921 1760 1953; x_wconf 77' lang='grc' dir='ltr'>δε</span> 
     </span>
     <span class='ocr_line' id='line_1_40' title="bbox 110 1968 1763 2025; baseline -0.003 -16"><span class='ocrx_word' id='word_1_555' title='bbox 110 1973 180 2010; x_wconf 84' lang='lat' dir='ltr'>heic</span> <span class='ocrx_word' id='word_1_556' title='bbox 191 1987 314 2025; x_wconf 86' lang='lat' dir='ltr'>quoque</span> <span class='ocrx_word' id='word_1_557' title='bbox 332 1974 472 2014; x_wconf 68' lang='grc' dir='ltr'>Σεσάκεις</span> <span class='ocrx_word' id='word_1_558' title='bbox 490 1976 648 2024; x_wconf 67' lang='lat' dir='ltr'>praetulit]</span> <span class='ocrx_word' id='word_1_559' title='bbox 666 1986 733 2011; x_wconf 89' lang='lat' dir='ltr'>non</span> <span class='ocrx_word' id='word_1_560' title='bbox 755 1976 909 2024; x_wconf 88' lang='lat' dir='ltr'>pertinent</span> <span class='ocrx_word' id='word_1_561' title='bbox 928 1976 1010 2014; x_wconf 82' lang='lat' dir='ltr'>huc,</span> <span class='ocrx_word' id='word_1_562' title='bbox 1029 1975 1078 2010; x_wconf 90' lang='lat' dir='ltr'>sed</span> <span class='ocrx_word' id='word_1_563' title='bbox 1101 1974 1136 2009; x_wconf 85' lang='lat' dir='ltr'>ad</span> <span class='ocrx_word' id='word_1_564' title='bbox 1163 1974 1390 2022; x_wconf 82' lang='lat' dir='ltr'>praecedentern</span> <span class='ocrx_word' id='word_1_565' title='bbox 1407 1981 1518 2007; x_wconf 86' lang='lat' dir='ltr'>notam</span> <span class='ocrx_word' id='word_1_566' title='bbox 1531 1969 1570 2005; x_wconf 90' lang='lat' dir='ltr'>de</span> <span class='ocrx_word' id='word_1_567' title='bbox 1579 1969 1703 2010; x_wconf 84' lang='lat' dir='ltr'>Succis,</span> <span class='ocrx_word' id='word_1_568' title='bbox 1725 1968 1763 2004; x_wconf 84' lang='lat'>&amp;</span> 
     </span>
     <span class='ocr_line' id='line_1_41' title="bbox 110 2023 1337 2074; baseline -0.001 -14"><span class='ocrx_word' id='word_1_569' title='bbox 110 2023 183 2060; x_wconf 78' lang='lat' dir='ltr'>illuc</span> <span class='ocrx_word' id='word_1_570' title='bbox 202 2024 295 2061; x_wconf 86' lang='lat' dir='ltr'>relata</span> <span class='ocrx_word' id='word_1_571' title='bbox 315 2024 440 2060; x_wconf 80' lang='lat' dir='ltr'>volebat</span> <span class='ocrx_word' id='word_1_572' title='bbox 456 2025 611 2060; x_wconf 79' lang='lat' dir='ltr'>Hem-icus</span> <span class='ocrx_word' id='word_1_573' title='bbox 622 2047 633 2065; x_wconf 90' lang='lat'>,</span> <span class='ocrx_word' id='word_1_574' title='bbox 654 2037 834 2074; x_wconf 82' lang='lat' dir='ltr'>quacunque</span> <span class='ocrx_word' id='word_1_575' title='bbox 844 2024 936 2061; x_wconf 88' lang='lat' dir='ltr'>etiam</span> <span class='ocrx_word' id='word_1_576' title='bbox 946 2024 1065 2074; x_wconf 80' lang='lat' dir='ltr'>paginae</span> <span class='ocrx_word' id='word_1_577' title='bbox 1077 2033 1161 2073; x_wconf 80' lang='lat' dir='ltr'>parte</span> <span class='ocrx_word' id='word_1_578' title='bbox 1170 2023 1337 2059; x_wconf 86' lang='lat' dir='ltr'>notaverit.</span> 
     </span>
    </p>

    <p class='ocr_par' dir='ltr' id='par_1_5' title="bbox 61 2067 1771 2324">
     <span class='ocr_line' id='line_1_42' title="bbox 161 2067 1766 2122; baseline -0.004 -15"><span class='ocrx_word' id='word_1_579' title='bbox 161 2071 259 2111; x_wconf 86' lang='lat' dir='ltr'>Libro</span> <span class='ocrx_word' id='word_1_580' title='bbox 269 2084 355 2108; x_wconf 76' lang='lat' dir='ltr'>xxrr</span> <span class='ocrx_word' id='word_1_581' title='bbox 376 2085 444 2122; x_wconf 88' lang='lat' dir='ltr'>cap.</span> <span class='ocrx_word' id='word_1_582' title='bbox 459 2075 478 2110; x_wconf 87' lang='lat'><strong>8</strong></span> <span class='ocrx_word' id='word_1_583' title='bbox 499 2072 569 2111; x_wconf 81' lang='lat' dir='ltr'>sunt</span> <span class='ocrx_word' id='word_1_584' title='bbox 585 2073 749 2114; x_wconf 86' lang='lat' dir='ltr'>Ammiani</span> <span class='ocrx_word' id='word_1_585' title='bbox 776 2074 866 2110; x_wconf 83' lang='lat' dir='ltr'>verba</span> <span class='ocrx_word' id='word_1_586' title='bbox 879 2111 883 2115; x_wconf 28' lang='grc' dir='ltr'><strong>Α</strong></span> <span class='ocrx_word' id='word_1_587' title='bbox 896 2075 1081 2110; x_wconf 81' lang='lat' dir='ltr'>immolantes</span> <span class='ocrx_word' id='word_1_588' title='bbox 1115 2073 1243 2108; x_wconf 72' lang='lat' dir='ltr'>advenas</span> <span class='ocrx_word' id='word_1_589' title='bbox 1265 2073 1366 2107; x_wconf 70' lang='lat' dir='ltr'>Diana</span> <span class='ocrx_word' id='word_1_590' title='bbox 1387 2093 1399 2110; x_wconf 82' lang='lat'>‚</span> <span class='ocrx_word' id='word_1_591' title='bbox 1423 2080 1482 2115; x_wconf 72' lang='lat' dir='ltr'>qua</span> <span class='ocrx_word' id='word_1_592' title='bbox 1503 2067 1580 2115; x_wconf 85' lang='lat' dir='ltr'>apud</span> <span class='ocrx_word' id='word_1_593' title='bbox 1597 2078 1642 2101; x_wconf 77' lang='lat' dir='ltr'>eos</span> <span class='ocrx_word' id='word_1_594' title='bbox 1658 2067 1766 2101; x_wconf 73' lang='lat' dir='ltr'>dicitur</span> 
     </span>
     <span class='ocr_line' id='line_1_43' title="bbox 113 2114 1765 2171; baseline -0.005 -14"><span class='ocrx_word' id='word_1_595' title='bbox 113 2120 289 2162; x_wconf 74' lang='lat' dir='ltr'>Oreilocln’,</span> <span class='ocrx_word' id='word_1_596' title='bbox 312 2121 348 2159; x_wconf 87' lang='lat' dir='ltr'>ad</span> <span class='ocrx_word' id='word_1_597' title='bbox 359 2134 427 2171; x_wconf 86' lang='lat' dir='ltr'>quae</span> <span class='ocrx_word' id='word_1_598' title='bbox 438 2121 548 2171; x_wconf 87' lang='lat' dir='ltr'>aliquid</span> <span class='ocrx_word' id='word_1_599' title='bbox 561 2132 674 2158; x_wconf 84' lang='lat' dir='ltr'>notans</span> <span class='ocrx_word' id='word_1_600' title='bbox 685 2122 841 2161; x_wconf 86' lang='lat' dir='ltr'>Henricus</span> <span class='ocrx_word' id='word_1_601' title='bbox 854 2145 865 2162; x_wconf 90' lang='lat'><em>‚</em></span> <span class='ocrx_word' id='word_1_602' title='bbox 887 2119 990 2157; x_wconf 84' lang='lat' dir='ltr'>scribit</span> <span class='ocrx_word' id='word_1_603' title='bbox 1001 2121 1083 2157; x_wconf 78' lang='lat' dir='ltr'>inter</span> <span class='ocrx_word' id='word_1_604' title='bbox 1101 2121 1158 2157; x_wconf 86' lang='lat' dir='ltr'>alia</span> <span class='ocrx_word' id='word_1_605' title='bbox 1179 2119 1301 2169; x_wconf 85' lang='lat' dir='ltr'>[ipsam</span> <span class='ocrx_word' id='word_1_606' title='bbox 1324 2129 1426 2154; x_wconf 84' lang='lat' dir='ltr'>autem</span> <span class='ocrx_word' id='word_1_607' title='bbox 1447 2115 1643 2165; x_wconf 82' lang='lat' dir='ltr'>Iphigeniam</span> <span class='ocrx_word' id='word_1_608' title='bbox 1665 2114 1765 2149; x_wconf 85' lang='lat' dir='ltr'>sacer·</span> 
     </span>
     <span class='ocr_line' id='line_1_44' title="bbox 112 2164 1767 2220; baseline -0.005 -14"><span class='ocrx_word' id='word_1_609' title='bbox 112 2169 222 2207; x_wconf 85' lang='lat' dir='ltr'>dotem</span> <span class='ocrx_word' id='word_1_610' title='bbox 233 2168 283 2206; x_wconf 89' lang='lat' dir='ltr'>sua</span> <span class='ocrx_word' id='word_1_611' title='bbox 292 2172 467 2220; x_wconf 83' lang='lat' dir='ltr'>Tauropoli</span> <span class='ocrx_word' id='word_1_612' title='bbox 478 2171 660 2220; x_wconf 86' lang='lat' dir='ltr'>constituit]</span> <span class='ocrx_word' id='word_1_613' title='bbox 680 2172 711 2206; x_wconf 89' lang='lat' dir='ltr'>in</span> <span class='ocrx_word' id='word_1_614' title='bbox 723 2171 832 2220; x_wconf 87' lang='lat' dir='ltr'>quibus</span> <span class='ocrx_word' id='word_1_615' title='bbox 845 2169 993 2206; x_wconf 85' lang='lat' dir='ltr'>sententia</span> <span class='ocrx_word' id='word_1_616' title='bbox 1005 2171 1086 2206; x_wconf 89' lang='lat' dir='ltr'>nulla</span> <span class='ocrx_word' id='word_1_617' title='bbox 1098 2169 1141 2206; x_wconf 86' lang='lat' dir='ltr'>est</span> <span class='ocrx_word' id='word_1_618' title='bbox 1153 2184 1170 2204; x_wconf 68' lang='grc' dir='ltr'>τ’</span> <span class='ocrx_word' id='word_1_619' title='bbox 1184 2182 1243 2205; x_wconf 90' lang='lat' dir='ltr'>nec</span> <span class='ocrx_word' id='word_1_620' title='bbox 1263 2178 1369 2203; x_wconf 89' lang='lat' dir='ltr'>tamen</span> <span class='ocrx_word' id='word_1_621' title='bbox 1386 2165 1506 2202; x_wconf 84' lang='lat' dir='ltr'>sustinui</span> <span class='ocrx_word' id='word_1_622' title='bbox 1517 2164 1684 2214; x_wconf 83' lang='lat' dir='ltr'>quidquam</span> <span class='ocrx_word' id='word_1_623' title='bbox 1695 2174 1767 2198; x_wconf 83' lang='lat' dir='ltr'>rnu-</span> 
     </span>
     <span class='ocr_line' id='line_1_45' title="bbox 114 2211 1766 2270; baseline -0.005 -16"><span class='ocrx_word' id='word_1_624' title='bbox 114 2228 197 2260; x_wconf 72' lang='lat' dir='ltr'>tare,</span> <span class='ocrx_word' id='word_1_625' title='bbox 219 2232 313 2268; x_wconf 89' lang='lat' dir='ltr'>quum</span> <span class='ocrx_word' id='word_1_626' title='bbox 326 2221 460 2267; x_wconf 90' lang='lat' dir='ltr'>potuerit</span> <span class='ocrx_word' id='word_1_627' title='bbox 469 2221 566 2270; x_wconf 86' lang='lat' dir='ltr'>aliqua</span> <span class='ocrx_word' id='word_1_628' title='bbox 577 2219 734 2257; x_wconf 77' lang='lat' dir='ltr'>mutavisse</span> <span class='ocrx_word' id='word_1_629' title='bbox 743 2221 917 2261; x_wconf 86' lang='lat' dir='ltr'>Henricus,</span> <span class='ocrx_word' id='word_1_630' title='bbox 938 2232 1006 2269; x_wconf 86' lang='lat' dir='ltr'>quae</span> <span class='ocrx_word' id='word_1_631' title='bbox 1025 2231 1184 2268; x_wconf 85' lang='lat' dir='ltr'>perperam</span> <span class='ocrx_word' id='word_1_632' title='bbox 1204 2218 1273 2253; x_wconf 89' lang='lat' dir='ltr'>sunt</span> <span class='ocrx_word' id='word_1_633' title='bbox 1295 2216 1456 2264; x_wconf 79' lang='lat' dir='ltr'>publicata.</span> <span class='ocrx_word' id='word_1_634' title='bbox 1479 2217 1629 2250; x_wconf 85' lang='lat' dir='ltr'>Attamen</span> <span class='ocrx_word' id='word_1_635' title='bbox 1649 2211 1766 2266; x_wconf 34' lang='lat' dir='ltr'>in-edi-</span> 
     </span>
     <span class='ocr_line' id='line_1_46' title="bbox 61 2261 1771 2324; baseline -0.001 -17"><span class='ocrx_word' id='word_1_636' title='bbox 61 2295 69 2299; x_wconf 90' lang='lat'>-</span> <span class='ocrx_word' id='word_1_637' title='bbox 110 2266 511 2324; x_wconf 68' lang='lat' dir='ltr'>tioneipfiqsI-Ienricierat</span> <span class='ocrx_word' id='word_1_638' title='bbox 523 2271 704 2321; x_wconf 59' lang='lat' dir='ltr'>fircerdotem</span> <span class='ocrx_word' id='word_1_639' title='bbox 721 2271 823 2307; x_wconf 67' lang='lat' dir='ltr'>Diana</span> <span class='ocrx_word' id='word_1_640' title='bbox 836 2271 1006 2321; x_wconf 55' lang='lat' dir='ltr'>Tauropolh</span> <span class='ocrx_word' id='word_1_641' title='bbox 1025 2270 1117 2318; x_wconf 88' lang='lat' dir='ltr'>idque</span> <span class='ocrx_word' id='word_1_642' title='bbox 1142 2280 1214 2320; x_wconf 72' lang='lat' dir='ltr'>cuna</span> <span class='ocrx_word' id='word_1_643' title='bbox 1236 2265 1342 2319; x_wconf 71' lang='lat' dir='ltr'>laceris</span> <span class='ocrx_word' id='word_1_644' title='bbox 1351 2263 1509 2318; x_wconf 58' lang='grc' dir='ltr'>ᾼηῐρηίῃξ</span> <span class='ocrx_word' id='word_1_645' title='bbox 1531 2261 1629 2314; x_wconf 61' lang='lat' dir='ltr'>yefbis</span> <span class='ocrx_word' id='word_1_646' title='bbox 1648 2261 1771 2313; x_wconf 59' lang='lat' dir='ltr'>anatim</span> 
     </span>
    </p>
   </div>
  </div>
 </body>
</html>
