2007 2658
518 71 799 117 HADRIA
818 68 897 112 NI
926 69 1210 113 VALESII
1246 68 1479 111 PRAEF
1503 67 1678 113 ATIO

280 175 338 208 bus
349 170 380 204 in
392 165 493 204 verbis
503 165 603 200 nullus
614 161 658 198 est
670 160 781 199 sensus.
821 160 935 197 Codex
957 160 1158 196 Colbertinus
1170 173 1178 194 ε
1205 152 1246 195 Εἰ
1251 161 1330 207 pacis
1341 160 1468 195 obtentui
1478 169 1539 195 tum
1550 157 1746 207 detestandam
1754 159 1932 207 agitabatur}

284 224 334 258 Ex
349 218 454 268 quibus
466 213 627 250 emendavi
639 213 674 247 ad
686 212 767 247 hunc
779 211 908 247 modam
921 224 929 245 ε
956 218 991 245 Et
1001 212 1081 257 pacis
1090 212 1204 245 obtentu
1212 210 1356 257 judicium
1369 208 1469 256 deust.
1498 207 1675 256 agitabatur.
1706 207 1814 252 Quam
1824 221 1934 246 emen-
1985 233 1991 237 -

286 270 444 305 dationem
457 265 559 314 paullo
571 261 642 311 post
653 260 805 311 sequentia
817 260 977 296 Ammiani
990 260 1078 295 verba
1092 257 1281 294 confirmant
1298 287 1308 300 ‚
1334 258 1444 307 quibus
1458 257 1531 305 jura
1543 258 1662 308 &leges
1673 283 1685 300 ‚
1708 256 1866 305 &judices
1883 259 1937 295 de·

287 319 474 356 scribuntur,
507 325 545 347 ex
556 313 716 348 voluntate
727 324 762 346 ac
774 311 899 345 libidine
911 309 1111 357 Imperatoris
1123 309 1153 343 in
1167 309 1382 357 Procopianos
1393 307 1561 343 saevientes.

335 372 373 403 In
386 365 498 400 eodem
510 362 588 396 libro
598 373 669 410 pag.
684 373 700 406 5
711 373 720 395 ι
731 362 765 396 6.
793 360 931 394 Horrendi
949 370 1082 393 tremores
1088 371 1142 408 per
1151 371 1264 393 omnem
1274 359 1346 393 orbis
1357 359 1499 393 ambitum
1513 356 1631 404 graffati
1647 356 1716 405 sunt
1730 354 1845 404 subiti:
1862 350 1937 402 qua-
1953 346 1956 350 ’

289 421 348 454 les,
365 419 428 450 ἃς.
455 416 501 447 Ita
516 410 582 445 libri
592 411 676 446 editi.
704 412 750 444 At
761 409 862 444 codex
876 408 1094 453 Colbertinus:
1118 409 1261 443 Horrendi
1274 409 1397 447 erroris,
1419 410 1483 442 &c.
1512 406 1562 440 Ex
1581 417 1642 453 quo
1652 404 1837 441 emendavi.-
1859 412 1940 441 Hor-
1993 419 1999 438 ;

289 467 372 501 rendi
382 474 513 498 terrores.
566 467 702 494 Terrores
713 458 780 492 heic
793 458 933 492 dicuntur
942 469 987 491 res
1000 456 1149 491 terribiles
1159 467 1208 492 aut
1218 455 1357 491 terrificae
1371 479 1381 496 ,
1407 469 1474 501 quae
1485 455 1608 489 animos
1619 453 1804 498 terrificant3
1831 454 1939 491 videli-

291 524 340 550 cet
351 512 484 559 fulgura,
512 507 638 542 fulmina
650 530 659 546 ‚
685 507 719 542 δε
733 517 877 540 terrarum
894 516 998 539 motus
1016 517 1050 538 ac
1063 506 1203 542 marium.
1233 506 1330 541 Certe
1349 505 1535 540 Ammianus
1553 503 1616 552 ipse
1635 503 1668 538 in
1691 503 1770 538 libro
1782 513 1874 539 xv11.
1900 503 1939 538 de

289 574 375 598 rerrae
388 553 526 595 motusic
539 557 693 604 loquitur:
714 552 785 601 QA
796 557 830 588 de
841 552 929 587 tacisti
941 563 1061 587 terrores
1074 554 1233 601 hujusmodi
1246 556 1388 601 vaporatis
1407 554 1574 600 temporibus
1588 576 1597 591 ,
1617 562 1670 588 aut
1689 554 1782 588 nimia
1798 563 1942 600 aquarum

290 605 633 658 celestiumsuperfufione
644 606 817 650 contingunt.
871 603 935 637 Ubi
948 605 979 636 δι
993 601 1092 636 codex
1105 602 1305 637 Colbertinus
1317 602 1427 637 diserte
1436 600 1581 648 scriptum
1593 601 1684 636 habet
1694 623 1704 641 ‚
1723 611 1859 639 terrores.

341 664 375 694 In
388 658 466 692 libro
479 665 590 690 xxvu.
604 665 768 702 pag-5²3·
793 652 830 686 de
848 652 939 699 plebe
959 652 1059 686 Rom.
1074 649 1181 685 domui
1202 651 1364 699 Lampadii
1379 649 1519 686 Praefeffi
1541 650 1619 685 urbi
1638 649 1720 685 faces
1738 648 1943 688 admovente:

294 709 355 754 Ni
363 708 545 755 firvitiorum
567 705 601 741 (5
616 702 817 748 fariiiltarium
830 703 918 736 veloci
939 700 1068 743 concursu
1082 723 1091 739 ‚
1104 700 1136 746 ἰὰ
1147 703 1269 747 summis
1279 702 1416 736 rellatum
1435 700 1604 735 culminibus
1615 701 1704 744 petita
1718 708 1728 744 (
1743 698 1853 746 plebs)
1863 698 1946 746 fizxis

294 759 332 793 ά·
346 753 631 802 tegulisabsceffiffet.
683 755 729 786 Ita
750 751 901 785 editiones
913 778 921 790 ,
950 747 1100 784 mendose
1112 749 1258 789 omnin0,
1311 751 1399 784 Nam
1422 748 1505 783 certe
1523 746 1686 782 familiares
1699 750 1732 782 δε
1745 747 1837 782 amici
1850 749 1948 783 Lam-

294 806 394 853 padii,
422 802 576 838 summum
589 800 703 835 domtis
716 800 777 844 ejus
798 799 916 834 mestum
932 796 1121 833 conscensuri
1142 811 1207 832 non
1228 797 1366 839 fuerunt,
1396 797 1444 832 sed
1469 796 1566 846 operfi
1585 795 1741 832 servorum
1763 796 1887 832 suorum
1909 796 1947 831 ad

293 853 460 889 arcendum
473 849 648 886 incendium
661 853 692 884 &
704 850 739 884 ad
751 849 958 897 repellendam
973 847 1094 895 plebem
1105 845 1192 883 nturi.
1247 851 1284 883 In
1296 847 1404 883 codice
1425 846 1614 882 Colbertino
1627 845 1699 893 lego
1712 859 1720 879 z
1750 852 1799 880 Ne
1810 846 1949 881 vitiorum

295 903 524 950 &familiarum
537 901 625 934 veloci
636 898 790 945 concurfii,
819 894 871 943 eis.
886 901 950 932 &c.
978 898 1027 931 Ex
1048 895 1154 944 quibus
1176 896 1277 931 addit&
1302 896 1362 932 uni
1383 895 1533 937 litterulzi,
1563 892 1700 929 detracta
1722 893 1838 935 alteri,
1867 892 1947 929 feci:
1966 888 1970 893 .

298 955 341 986 Ni
353 953 510 987 vicinorum
529 949 565 985 θ’
579 948 767 993 familiarum
778 949 867 982 veloci
883 946 1035 993 concursu,
1064 949 1126 982 &c.
1138 947 1278 980 Familias
1301 946 1488 981 Ammianus
1503 958 1561 994 pro
1586 942 1707 978 famulis
1727 940 1845 990 posuit,
1873 942 1950 979 utin

298 1001 378 1036 libro
393 1010 468 1035 xlv.
494 1000 657 1032 Senatores
662 997 849 1042 familiarum
861 1008 977 1043 agmina
987 993 1044 1042 post
1058 1006 1140 1040 terga
1150 996 1264 1031 trahere
1274 990 1387 1031 scribi't.
1414 996 1493 1030 Vult
1502 1006 1579 1043 ergo
1589 992 1689 1028 dicere
1698 1016 1709 1033 ,
1721 992 1842 1028 vicinos
1853 993 1952 1028 Lam-

299 1050 378 1098 padii
391 1078 398 1090 ‚
430 1052 461 1083 &
475 1046 577 1082 servos
589 1048 651 1093 ejus
663 1045 894 1092 amicorumque
905 1045 940 1079 ad
953 1043 1116 1078 arcendam
1130 1043 1251 1091 plebem
1265 1044 1461 1080 concurrifle.
1950 1038 1953 1039 ⁷

347 1103 384 1133 In
395 1096 508 1132 eodem
519 1096 596 1130 libro
607 1108 676 1144 pag.
692 1107 707 1140 5
714 1099 765 1141 36.
779 1094 817 1128 de
827 1093 935 1129 saevitia
951 1093 1158 1128 Valentiniani
1180 1096 1223 1129 A.
1245 1095 1374 1128 Eminuit
1385 1103 1483 1128 tamen
1492 1104 1521 1140 ρ.
1531 1094 1553 1128 i.
1565 1102 1587 1128 t.
1597 1091 1617 1127 i.
1627 1102 1657 1126 a.
1669 1090 1698 1125 h.
1711 1101 1743 1126 n.
1756 1101 1833 1126 mors
1842 1092 1951 1126 Dioclis

298 1149 336 1186 ό·
349 1146 465 1182 Diodori
478 1168 486 1183 ‚
507 1147 652 1190 triumque
663 1145 898 1189 apparitorum
907 1141 1049 1189 potestatis
1065 1144 1176 1177 Vtcarie
1186 1155 1240 1192 per
1252 1144 1371 1178 Italiam
1382 1170 1391 1184 ‚
1403 1143 1436 1176 ob
1446 1143 1477 1177 id
1483 1150 1657 1178 vexatorum
1667 1140 1806 1174 atrociter
1826 1163 1837 1179 ‚
1860 1137 1950 1186 quod,

298 1200 364 1233 ἃς,
380 1200 423 1231 Ita
433 1193 506 1228 editi
518 1193 606 1232 libri,
636 1190 785 1227 mendose
796 1191 930 1227 omnino
943 1195 975 1226 δε
987 1190 1079 1227 male.
1107 1191 1199 1226 Aliud
1211 1192 1295 1227 enim
1306 1189 1350 1226 est
1362 1214 1372 1230 ‚
1399 1189 1544 1226 homines
1568 1186 1719 1236 supplicio
1739 1187 1860 1235 capitali
1883 1186 1952 1224 affi-

297 1257 388 1286 cere;
412 1243 488 1277 aliud
501 1266 511 1281 ‚
537 1240 762 1276 tantummodo
775 1253 892 1278 vexare.
946 1241 1059 1276 Codex
1075 1240 1276 1276 colbertinus
1297 1253 1355 1288 pro
1374 1249 1544 1275 vexatorum
1562 1236 1709 1285 scriptum
1719 1231 1954 1283 habetpeccae'tb-

301 1306 375 1329 rum.
433 1292 481 1325 Ex
493 1303 554 1338 quo
564 1290 727 1324 emendavi
737 1300 904 1325 necatorum
917 1312 928 1329 ‚
949 1290 1010 1325 unzi
1022 1289 1140 1325 mutat&
1153 1289 1254 1324 littera
1265 1313 1276 1331 ,
1302 1289 1337 1326 ὅ(
1347 1288 1440 1325 altera
1452 1287 1568 1323 sublata
1582 1301 1592 1322 :
1621 1297 1687 1334 quae
1697 1285 1875 1323 emendatio
1884 1296 1952 1324 non

303 1343 413 1378 minus
425 1350 506 1374 certa
518 1338 610 1386 quim
626 1337 785 1372 neceflaria
794 1337 850 1373 est.
1872 1332 1875 1336 ’
1893 1345 1896 1349 ’

353 1394 389 1424 In
400 1388 512 1424 eodem
524 1387 601 1421 libro
613 1400 683 1435 pag.
699 1389 774 1431 538.
797 1392 894 1421 Motus
903 1387 1089 1434 adulescentis
1096 1387 1134 1428 ά
1142 1387 1312 1434 fienescentis
1324 1389 1453 1423 oceani,
1467 1393 1606 1430 stumque
1617 1385 1768 1419 Britanniae
1777 1392 1808 1428 p.
1819 1394 1844 1420 c.
1855 1394 1885 1420 u.
1897 1383 1954 1418 ece-⁸

303 1439 435 1486 planavi.
464 1440 508 1470 Ita
521 1435 631 1469 Codex
648 1434 864 1470 Colbertinus.
891 1435 940 1468 Ex
953 1448 1016 1481 quo
1025 1435 1190 1471 emendavi
1201 1449 1209 1471 :
1221 1441 1316 1471 Motus
1324 1436 1376 1475 4cl.
1388 1434 1492 1483 &sm
1507 1434 1626 1474 Oceam',
1634 1432 1778 1480 situmque
1787 1434 1956 1472 Britannia,

305 1491 371 1522 &c.
398 1485 472 1519 cum
485 1482 798 1522 editionesbabeant,
819 1484 998 1527 trabiumque
1008 1483 1183 1522 Britannia,
1202 1482 1380 1518 mendose.
1521 1486 1523 1496 ³
1773 1486 1779 1495 “
1811 1480 1813 1486 ⁴
1843 1486 1869 1495 “’
1928 1475 1930 1481 ’
1950 1487 1952 1491 “

354 1539 390 1570 In
403 1534 480 1568 libro
494 1544 570 1566 xxvi
588 1544 599 1564 ι
611 1542 634 1564 1.
651 1544 722 1579 pag.
736 1535 816 1575 560,
843 1530 968 1575 Paphius
977 1531 1137 1575 quinetiam
1148 1531 1183 1568 (θ’
1197 1533 1346 1564 Cornelius
1356 1537 1511 1565 Senatores
1520 1556 1530 1570 ,
1549 1528 1632 1562 ambo
1643 1533 1824 1562 venenorum
1844 1526 1955 1570 artibus

301 1586 333 1633 se
350 1583 472 1631 polluisse
491 1580 603 1637 confesfi
615 1607 624 1620 ,
654 1581 721 1615 ἃς.
747 1580 797 1613 Sic
812 1578 886 1613 editi
896 1578 974 1614 libri.
1029 1581 1074 1613 At
1085 1578 1183 1613 codex
1206 1579 1426 1617 Colberdnus,
1455 1586 1544 1624 atque
1563 1576 1656 1609 etiam
1677 1575 1863 1611 Valentinus
1879 1574 1956 1610 teste

310 1637 344 1668 P.
359 1632 484 1668 Pithoeo
496 1653 506 1670 ,
532 1630 662 1677 aliique:
688 1629 776 1662 Ambo
787 1639 959 1664 venenorum
968 1627 1080 1662 artibus
1091 1628 1247 1675 pravenffi
1263 1625 1386 1676 polluiffe
1396 1625 1517 1676 confesffi.
1570 1625 1621 1659 Ex
1639 1624 1754 1672 quibus
1765 1623 1954 1664 emendavi,

309 1680 431 1717 sublatis
443 1678 538 1714 tribus
549 1677 685 1713 litterulis
699 1691 706 1711 :
736 1677 1002 1712 Ambo‘venenorum
1013 1678 1124 1711 artibus
1133 1688 1230 1722 pravis
1240 1676 1265 1718 (e
1277 1677 1399 1724 polluiffe
1409 1674 1536 1722 confessi.

360 1735 396 1766 In
409 1729 488 1764 libro
500 1741 558 1762 xxv
567 1740 575 1762 1
584 1739 625 1762 11.
640 1739 710 1775 pag.
726 1738 801 1772 571.
827 1726 865 1760 de
885 1726 1015 1759 Areanis
1037 1726 1067 1759 in
1092 1723 1190 1760 Insula
1211 1724 1367 1759 Britannia
1388 1722 1534 1758 stationes
1546 1723 1716 1770 agentibus.
1766 1729 1957 1768 Acceptorum

308 1779 558 1830 promiffirrumque
571 1776 770 1822 magnitudine
779 1776 958 1821 premiorum
969 1776 1083 1810 allellos
1095 1797 1105 1813 ,
1126 1785 1186 1819 que
1196 1774 1275 1819 apud
1285 1778 1334 1807 nos'
1343 1774 1503 1820 agebantur
1522 1794 1531 1809 ‚
1559 1773 1711 1817 aliquoties
1731 1771 1870 1806 narbaris
1885 1766 1956 1820 pro-

311 1829 418 1875 didffe.
468 1829 514 1861 Ita
526 1826 658 1874 vulgatae
667 1824 830 1859 editiones.
880 1826 925 1857 At
936 1823 1034 1858 codex
1049 1822 1268 1858 Colbertinus:
1292 1830 1476 1868 Accepturum
1494 1821 1743 1869 promtffitrrtmque
1754 1818 1957 1866 magnitudine
2005 1843 2007 1846 Α

307 1888 462 1925 precanum
473 1875 595 1908 adiectos
606 1896 615 1911 ,
643 1886 700 1919 quae
711 1875 788 1920 apud
797 1884 844 1907 nos
853 1873 1010 1917 agebantur
1019 1894 1030 1910 ‚
1056 1872 1212 1917 aliquando
1223 1871 1378 1905 Barbarico
1387 1870 1497 1916 dediffe.
1547 1869 1597 1903 Ex
1606 1873 1762 1916 pracaruln
1771 1865 1829 1902 feci
1846 1867 1956 1914 prada-
1999 1891 2003 1896 -

311 1938 389 1962 rum.
440 1925 489 1959 Ex
501 1924 656 1957 Barbarico
667 1924 767 1970 dediffle
776 1920 858 1957 forte
869 1919 1042 1955 faciendum
1053 1941 1063 1959 ‚
1082 1920 1217 1953 Barbaris
1228 1919 1349 1966 edidiffl‘.

361 1977 397 2009 In
409 1971 488 2007 libro
499 1985 570 2006 xxx.
586 1984 655 2018 paq.
668 1975 716 2016 64
721 1983 748 2015 3.
764 1974 862 2006 Cicero
874 1971 1010 2004 orationis
1020 1970 1124 2018 imperi
1132 1967 1172 2014 vsae
1188 1968 1363 2012 fulminibus
1369 1968 1441 2013 saepe
1452 1967 1585 2013 depreffirs
1592 1966 1702 2012 aliquos
1709 1966 1890 2015 judiciorum
1898 1964 1956 1999 eri'-

313 2025 393 2071 piens
400 2023 540 2068 flammis.
564 2024 610 2056 Ita
624 2011 691 2055 libri
704 2018 926 2068 scripti&editi
937 2038 947 2057 ‚
960 2016 1122 2052 mendose.
1149 2017 1236 2050 Nam
1248 2015 1362 2050 fulmen
1374 2017 1437 2064 igni
1449 2015 1501 2049 suo
1511 2028 1576 2049 non
1586 2015 1676 2061 eripit
1683 2023 1869 2068 quemquam
1881 2034 1890 2052 ‚
1903 2010 1954 2048 scd

314 2070 423 2121 potius
434 2069 574 2106 involvit.
600 2072 708 2119 Qare
720 2069 884 2118 legendum
898 2077 975 2115 puto
979 2067 1160 2113 fluminibus.
1173 2065 1270 2100 ccrte-
1280 2067 1314 2101 &
1325 2077 1446 2100 aureum
1458 2065 1620 2117 eloquentie
1634 2063 1877 2114 flumenfundcnt
1886 2061 1957 2107 jari·-

312 2121 428 2169 Jloteles
443 2117 596 2154 vocatura
610 2121 657 2155 M.
672 2120 719 2156 T.
733 2118 903 2155 Cicerone.
1388 2114 1391 2117 ἢ
1512 2124 1514 2127 ’
1671 2126 1674 2129 ·
1844 2119 1849 2129 “
1922 2119 1925 2123 “

365 2173 403 2204 In
416 2169 494 2203 libro
504 2180 601 2204 xxxi.
616 2181 684 2220 pag.
697 2170 774 2213 ⁶73·
786 2168 823 2203 de
836 2166 955 2202 Atinia
987 2166 1106 2210 Gladius
1117 2163 1300 2211 bumifigitur
1313 2166 1404 2200 nudus
1418 2179 1426 2200 :
1449 2175 1574 2211 eumque
1590 2172 1620 2199 ut
1633 2168 1761 2199 Martem
1773 2184 1784 2201 ‚
1806 2160 1955 2211 regionarii

313 2231 387 2264 quas
397 2220 591 2256 circumeunt,
604 2214 946 2265 prrsultm-rerecundt'r‘cs
955 2217 1060 2250 colunt.
1111 2218 1157 2250 Ita
1177 2213 1243 2248 libri
1263 2214 1355 2248 editi:
1374 2214 1496 2265 quidam
1506 2216 1664 2249 circueunt.
1691 2215 1737 2248 At
1756 2209 1853 2246 codex
1874 2209 1956 2245 Col·
2004 2222 2007 2226 ⁴

313 2267 470 2302 bertinus:
499 2274 627 2313 Eumque
646 2278 677 2302 ut
687 2275 816 2302 Martem
827 2295 836 2309 ,
857 2267 1004 2311 regionurn
1022 2277 1093 2312 quas
1108 2264 1326 2298 circumcircrmt
1337 2264 1416 2312 pres.
1435 2276 1492 2299 ver.
1508 2265 1614 2299 colunt.
1627 2259 1808 2311 Legendum
1822 2258 1958 2295 omnino

316 2314 372 2357 est,
385 2328 403 2350 u
412 2316 443 2350 in
454 2328 472 2350 a
485 2315 636 2352 converso
645 2316 930 2354 circumcircaent.De
938 2313 1035 2351 verbo
1044 2316 1152 2351 'circare
1161 2314 1196 2351 8(
1207 2312 1452 2359 circitare‚(11nde
1461 2315 1494 2348 &
1504 2315 1623 2352 circitor,
1633 2314 1664 2347 &
1677 2307 1816 2346 nostrum
1825 2309 1957 2344 chercber
