2007 2658
153 88 918 155 *iiimSilii}3'{ii{¹5:⁸2&qfiiii¹²0¹¹35rf¹l⁸.2.·0⁹gi.iss‘;i
1021 90 1082 139 LI
1089 93 1136 142 B.
1155 97 1310 143 XXX.
1328 98 1470 145 CAP.
1480 97 1568 149 VI.
1643 97 1734 164 651

84 161 318 218 sequestrato
330 193 343 214 ‚
373 163 538 217 impigre
559 174 690 204 motus
712 191 722 210 ,
769 165 970 218 peragrata
992 165 1161 207 fluminis
1186 171 1270 224 ripa
1282 203 1292 221 ‚
1326 172 1528 228 castrisque
1563 176 1741 229 praefidio

85 221 326 274 competenti
339 221 495 259 munitis
509 230 627 273 atque
638 219 796 263 castellis
809 248 820 267 ,
836 220 1096 275 Bregitionem
1112 228 1303 276 pervenit:
1318 227 1452 282 ibique
1463 231 1531 270 diu
1548 233 1740 285 compost-

85 287 172 316 tum
187 277 237 316 ad
251 277 422 330 quietem
437 275 627 329 Principis
642 275 768 316 fatum
781 276 922 317 sortem
937 277 1190 317 denuntiabat
1202 282 1236 319 ei
1251 283 1465 335 supremam
1480 288 1670 340 prodigiis
1684 290 1740 329 in-

83 333 304 387 gerentibus
317 331 656 385 multisNamque
672 333 807 372 diebus
821 343 908 373 ante
921 332 1153 387 paucissimis
1171 336 1294 375 ruinas
1316 337 1558 380 fortunarum
1571 343 1740 383 indican-

82 390 142 428 tia
152 388 335 429 celsarum
347 414 359 434 ,
373 386 491 427 arsere
502 388 638 428 crinita
649 388 768 428 fidera
781 400 1019 429 cometarum
1032 417 1045 436 ‚
1072 403 1243 444 quorum
1269 393 1454 445 originem
1478 396 1590 450 supra
1602 398 1740 438 docui.

84 457 184 484 mus.
217 443 321 484 Ante
335 443 442 495 apud
456 444 638 484 Sirmium
657 446 861 498 repentino
871 444 1024 500 fragore
1036 447 1196 486 nubium
1208 445 1355 486 fulmen
1379 453 1574 491 excuffum
1588 480 1600 500 ,
1634 456 1742 507 pala-

86 500 131 539 tii
144 502 181 539 ὃ(
197 499 474 551 curiae-partem
486 500 657 540 incendit
672 504 710 541 8<
721 499 817 541 fori:
836 505 875 541 ὃς
890 502 997 555 apud
1010 501 1203 542 Sabariam
1215 503 1494 545 eodemadhuc
1505 508 1715 550 constituto
1727 539 1742 558 ‚

82 555 189 595 bubo
212 555 445 595 culminibus
469 557 564 610 regii
591 556 735 596 lavacri
764 558 779 582 ⁶
805 556 968 600 insidens
990 585 1003 605 ‚
1030 557 1314 613 occentansque
1335 557 1533 608 funebria,
1562 564 1665 604 nulla
1679 568 1736 619 ja-

83 611 272 652 cientium
289 610 445 665 sagittas
458 615 497 652 &
511 612 660 666 lapides
673 612 968 666 contemplabili
980 614 1140 654 dextera
1152 614 1289 654 cadere
1301 616 1435 669 potuit
1451 643 1463 663 ,
1496 620 1671 658 certatim
1694 622 1741 660 li-

77 667 149 708 cet
162 667 313 708 ardenti
328 666 458 709 studio
470 668 683 722 petebatur.
716 669 816 708 Item
839 669 927 709 cum
938 669 986 710 ab
996 669 1090 710 urbe
1113 670 1298 724 praedista
1318 671 1494 712 tenderet
1514 673 1566 713 ad
1586 677 1739 727 procin-

76 723 189 765 ecum
204 750 216 771 ,
249 737 318 777 per
333 734 488 778 portam
503 723 737 765 voluitunde
750 726 927 765 introivit
947 726 1078 772 exire,
1106 736 1150 766 ut
1164 739 1281 767 omen
1303 727 1505 782 colligeret
1526 729 1639 783 quod
1660 732 1740 770 cito

83 779 268 820 remeabit
290 780 340 819 ad
361 779 520 820 Gallias.
551 781 738 835 Cumque
758 781 868 820 locus
886 780 1050 835 adgestis
1073 782 1276 822 ruderibus
1301 783 1497 837 neglestus
1519 797 1708 839 purgatur
1727 814 1740 833 ,

81 843 99 862 0
118 834 262 890 lapsam
271 836 398 875 forem
411 835 589 876 ferratam
603 850 691 890 quae
705 837 857 876 exitum
876 836 1092 884 obseravit,
1119 838 1335 879 multitudo
1349 853 1545 881 removere
1567 855 1643 881 nou
1668 855 1742 896 po-

85 893 161 932 tuit
172 891 315 932 viribus
326 892 475 945 magnis
489 892 611 931 enisa:
642 896 682 932 δε
703 892 798 932 dum
823 891 961 933 frustra
981 901 1119 934 tereret
1145 894 1250 934 diem
1265 923 1275 940 ,
1308 896 1465 936 conitus
1481 910 1550 950 per
1568 897 1679 937 aliam
1700 909 1738 937 e-

82 947 226 1002 gressus
237 946 291 987 est
304 956 470 1000 portam.
501 947 720 1002 No&eqt1e
732 961 849 1003 quam
867 948 937 989 lux
950 960 1129 1003 ereptura
1142 964 1229 990 eum
1243 952 1326 991 vita
1358 950 1486 991 secuta
1498 952 1573 999 est,
1602 963 1646 992 ut
1669 967 1740 1007 per

57 1002 384 1057 ‘quietem-solet,
414 1003 572 1044 videbat
585 1006 792 1059 conjugem
805 1004 908 1044 suam
925 1005 1115 1046 absentem
1127 1006 1278 1053 sedere,
1315 1006 1426 1061 passis
1439 1008 1614 1062 capillis,
1643 1010 1740 1049 ami-

80 1060 145 1100 &u
158 1059 349 1114 squalenti
363 1060 581 1100 comestam
596 1075 604 1100 z
619 1074 739 1114 quam
765 1068 782 1095 Ρ
803 1060 981 1102 aestimari
993 1062 1159 1102 dabatur
1177 1062 1395 1103 Fortunam
1417 1064 1500 1117 ejus
1521 1064 1616 1112 effe,
1647 1077 1740 1104 cum

80 1125 195 1156 taetro
207 1114 341 1155 habitu
345 1116 426 1168 jam
441 1114 694 1156 discessuram.
727 1116 947 1171 Progressus
960 1118 1102 1158 deinde
1114 1120 1328 1158 matutinus
1339 1120 1600 1160 contractiore
1624 1120 1740 1160 vultu

79 1170 262 1212 subtristis
275 1200 285 1217 ,
320 1172 409 1213 cum
432 1185 520 1212 eum
541 1172 694 1214 oblatus
713 1187 790 1214 non
811 1173 1016 1228 susciperet
1034 1187 1158 1228 equus
1171 1175 1400 1221 ,anteriores
1413 1175 1530 1228 pedes
1558 1183 1572 1208 7
1599 1185 1740 1230 praetet

76 1228 295 1268 Stratorem
308 1229 456 1283 erigens
469 1229 508 1268 in
519 1227 699 1269 sublime:
714 1229 843 1269 innata
852 1228 1004 1270 feritate
1016 1231 1192 1270 concitus
1209 1257 1221 1277 ,
1250 1241 1294 1270 ut
1314 1241 1393 1272 erat
1405 1231 1581 1271 immanis
1598 1258 1611 1278 ,
1643 1230 1738 1272 dex-

77 1293 199 1324 teram
232 1292 249 1319 ‘l
272 1284 454 1325 Stratoris
465 1284 598 1325 militis
627 1294 641 1312 r
657 1284 766 1339 jussit
777 1285 948 1333 abscidi,
983 1300 1071 1341 quae
1084 1299 1172 1326 eum
1186 1286 1408 1327 insilientem
1416 1288 1597 1340 jumento
1609 1287 1738 1340 pulse-

81 1350 139 1380 rat
150 1337 357 1380 consueto:
373 1340 606 1395 perissetque
617 1341 875 1382 cruciabiliter
902 1343 1087 1382 innocens
1110 1343 1278 1392 juvenis,
1312 1343 1351 1382 ni
1373 1343 1574 1384 Tribunus
1601 1342 1737 1385 stabuli.

81 1395 253 1437 Cerealis
270 1396 398 1439 ditum
413 1395 518 1437 nefas
530 1408 620 1437 cum
632 1396 687 1437 sui
699 1398 874 1451 periculo
885 1397 1100 1438 distulisset.

139 1452 178 1493 C
191 1465 217 1492 Α
233 1466 267 1491 Ρ.
299 1451 340 1493 V
355 1453 382 1492 1.
415 1452 505 1494 Post
518 1452 600 1493 haec
613 1454 845 1506 Quadorum
857 1454 997 1495 venere
1009 1455 1125 1509 legati
1138 1482 1149 1499 ‚
1182 1468 1319 1509 pacem
1343 1467 1433 1494 cum
1450 1454 1736 1506 praeteritorum

82 1507 352 1548 obliteratione
365 1507 593 1563 suppliciter
602 1509 839 1550 obsecrantes
857 1526 864 1551 :
898 1524 1016 1566 quam
1029 1523 1073 1551 ut
1085 1510 1246 1564 adipisci
1257 1511 1332 1551 fine
1343 1509 1542 1551 obstaculo
1556 1510 1710 1564 possent
1721 1537 1735 1557 ‚

119 1600 135 1625 6
156 1598 200 1625 Al.
209 1598 362 1626 concidens.
402 1609 416 1633 7
436 1598 484 1633 Mfi
493 1608 593 1636 praeter
601 1608 787 1628 ar...torem.
922 1602 1070 1629 icunculam
1086 1602 1152 1628 boni
1169 1604 1266 1628 ominis
1282 1600 1360 1628 causa
1375 1601 1463 1628 secum
1479 1601 1564 1636 impp.
1574 1603 1600 1627 in
1611 1600 1734 1628 cubiculo

492 1647 889 1654 m
923 1638 1064 1666 habebant,
1086 1637 1375 1674 eamquccumfatalem
1384 1637 1734 1667 horaminstaresentirent,

83 1675 140 1704 nis,
161 1683 192 1701 ut
211 1674 300 1701 censet
317 1675 466 1702 Cluverius
481 1678 507 1702 in
529 1675 716 1709 Descriptione
739 1675 841 1701 Norici.
863 1675 900 1700 Ea
922 1675 953 1702 ad
963 1676 1136 1702 successorem
1153 1675 1376 1702 transmittebant.
1398 1676 1551 1710 Spartianus
1567 1676 1594 1700 in
1611 1676 1711 1701 Severo
1727 1693 1734 1702 .

80 1712 226 1738 Pannoniae
235 1713 328 1739 civitas
339 1713 667 1739 MartinumTuronicum
684 1710 844 1746 Episcopum
855 1718 898 1737 tu—
923 1712 1128 1746 Capirolinusin
1140 1713 1292 1738 Antonino.
1314 1713 1389 1738 Hanc
1403 1718 1468 1744 ergo
1478 1710 1526 1736 sub
1541 1712 1652 1745 imagine
1666 1719 1734 1737 con-

84 1747 123 1774 lit.
147 1747 163 1763 ⁴*
185 1746 267 1782 Valefi
922 1749 991 1782 jugis
1001 1747 1104 1774 tristem
1115 1750 1142 1776 δε
1157 1747 1245 1774 habitu
1263 1747 1371 1781 lugubri
1388 1746 1463 1773 velut
1478 1746 1656 1773 discedentem
1672 1756 1734 1773 cum

123 1793 140 1811 ο
158 1783 520 1819 Lapsamfbrcmftrratam.]
544 1783 708 1810 Cataraeiam
717 1782 854 1818 intelligit,
864 1783 896 1810 de
922 1784 1042 1813 vidisset,
1061 1783 1159 1810 abitum
1169 1782 1183 1810 ὲ
1194 1786 1247 1810 vita
1255 1783 1377 1810 denotari
1385 1782 1563 1811 existimatum
1571 1783 1622 1810 fuit
1632 1792 1735 1820 :neque

83 1830 136 1856 qua
143 1821 236 1848 dixiad
245 1820 287 1848 lib.
297 1829 359 1847 xxx.
372 1821 466 1847 Livius
476 1822 501 1847 in
511 1820 552 1846 lib.
564 1829 661 1847 xxvii.
683 1822 757 1846 Porta
764 1818 895 1846 caturam
920 1821 1002 1848 secius
1011 1822 1109 1847 evenit.
1128 1819 1262 1847 Lindenbr.

82 1856 178 1893 dejefid
185 1857 269 1893 clausa
279 1864 348 1886 erat,
359 1853 414 1887 &a
436 1856 626 1884 Eustathiusin
644 1856 694 1883 ult.
704 1856 770 1883 Iliad.
785 1858 897 1891 affin-agd—
957 1867 974 1894 q
995 1860 1115 1884 stratoris
1130 1856 1251 1892 militia]
1273 1857 1411 1883 stratores
1426 1863 1503 1883 erant
1516 1856 1612 1884 milites
1621 1857 1667 1892 qui
1677 1856 1732 1884 im-

81 1897 143 1924 κτίω
151 1896 187 1921 air
195 1895 246 1921 eise
254 1896 330 1922 mmm
340 1895 463 1928 ὁνδόμυχον
472 1913 477 1923 ,
486 1897 634 1922 ‹tantumn›
644 1895 670 1922 εἰς
678 1897 805 1927 πλωρκίαν.
813 1893 895 1920 Idem.
906 1923 908 1931 ⁴
919 1902 1073 1930 peratorem
1081 1896 1109 1920 in
1118 1902 1218 1929 equum
1227 1893 1368 1919 allevabant
1377 1892 1511 1928 erantque
1521 1892 1568 1921 sub
1584 1892 1733 1929 dispositio-

118 1941 135 1968 p
154 1929 556 1966 AEstimaridahaturfhrttmam
565 1931 618 1965 ejus
627 1930 670 1966 effi·
687 1932 699 1963 ]
719 1932 759 1958 Ut
767 1932 900 1958 Genium,
921 1930 1198 1959 neTribuniStabuli‚
1221 1938 1252 1957 ut
1261 1938 1294 1956 ex
1302 1929 1422 1957 hocloco
1431 1938 1544 1966 apparet.
1567 1931 1602 1956 Hi
1620 1928 1731 1965 equosa

80 1967 116 1995 fic
126 1970 152 1996 ὃ(
164 1969 313 1996 Fortunam
320 1969 465 2003 unicuique
473 1967 545 1994 suam
555 1975 659 1995 veteres
667 1967 819 1994 tribuebant
828 1978 834 1992 :
842 1976 895 1994 un·
907 1989 908 2003 2
919 1967 1125 2003 provincialibus
1133 1967 1236 1994 oblatos
1244 1966 1426 2001 inspiciebant,
1437 1976 1465 1993 ac
1472 1966 1629 2002 probabant,
1638 1975 1732 2001 quem-

82 2005 115 2032 de
125 2004 200 2031 Alex.
211 2007 325 2040 Magnus
334 2004 421 2032 dicere
430 2003 542 2033 solitus,
556 2003 752 2040 senihilpraeter
760 2005 894 2031 Fortunam
920 2004 1067 2033 admodum
1084 2004 1162 2031 docet
1181 2003 1440 2031 Marcellinusinlib.
1454 2010 1499 2036 29.
1517 2005 1543 2030 ὃς
1560 2003 1604 2029 iex
1621 2004 1696 2031 unica
1704 2004 1732 2029 in

76 2041 275 2078 firammetuere.
298 2041 314 2057 ²*
335 2042 416 2069 Curt.
428 2040 468 2069 lib.
481 2049 565 2077 &pag
576 2049 619 2067 20·
641 2041 677 2067 Et
686 2040 718 2067 de
727 2040 804 2067 Fabio
814 2040 992 2070 Sene-lCod.
1014 2041 1064 2069 Th.
1075 2041 1106 2068 de
1122 2040 1298 2068 stratoribus.
1319 2041 1395 2066 Henr.
1420 2039 1501 2076 Valefl
1524 2039 1614 2074 [ibid.
1629 2041 1656 2065 in
1682 2038 1733 2066 Ms.

83 2078 163 2105 calib.
171 2078 204 2105 de
214 2080 224 2105 1
227 2088 255 2105 ra
264 2087 317 2113 cap.
328 2087 370 2105 xi.
382 2076 510 2105 Habuitin
518 2077 612 2114 consilio
620 2079 756 2105 Fortunam
758 2075 909 2112 publicam?
922 2078 1001 2106 Colb.
1011 2078 1140 2114 scriptum
1150 2096 1157 2107 ,
1172 2081 1379 2113 praeternam-em
1388 2078 1484 2112 erigens
1503 2084 1510 2102 ι
1528 2076 1573 2104 ubi
1590 2075 1733 2110 legendum

85 2115 154 2142 Nam
165 2115 275 2143 urbibus
285 2117 403 2142 Genium
414 2115 619 2151 Fortunamque
628 2113 700 2142 suam
708 2113 887 2142 attribuebant
895 2118 909 2144 ,’
920 2121 1089 2152 Ριιῐο,ρνιτεν
1098 2113 1272 2141 stratorem‚id
1280 2111 1317 2139 est
1325 2121 1386 2140 anre
1395 2114 1555 2142 stratorem.
1562 2112 1641 2139 Hadr.
1650 2109 1730 2143 Vates.

84 2158 116 2178 ut
133 2151 205 2187 supr.
220 2152 264 2179 lib.
281 2161 326 2179 xx.
343 2159 469 2179 notatum
483 2160 536 2187 cap.
552 2161 577 2179 v.
598 2152 719 2187 quam&
739 2151 849 2178 Darium
865 2153 893 2178 in
957 2162 972 2179 r
992 2149 1071 2188 Juffit
1079 2148 1201 2187 abscidi]
1223 2149 1344 2177 Pofitum
1360 2159 1410 2186 pro
1427 2148 1543 2184 abscindi.
1562 2148 1612 2177 Sed
1626 2146 1685 2175 cum
1702 2149 1730 2174 in

81 2186 193 2215 consilio
210 2188 322 2217 habuisse
338 2189 534 2225 conqueritur,
553 2187 614 2216 cum
629 2187 728 2216 morbo
751 2195 894 2223 correptus
906 2197 908 2227 ξ
921 2186 1228 2216 omnibuscodicibusita
1236 2186 1363 2222 scriptum
1372 2185 1538 2221 reperiffem,
1560 2192 1663 2212 mutare
1673 2185 1731 2211 reli-

78 2224 201 2261 superbas
214 2226 272 2259 ejus
281 2226 385 2253 litteras
399 2226 538 2261 accepisset.
558 2227 674 2253 Curtius
688 2225 731 2252 lib.
743 2233 764 2257 3.
782 2232 837 2260 pag.
854 2234 893 2258 13.
906 2231 907 2254 1
919 2227 963 2260 gio
972 2226 1023 2252 fuit
1038 2223 1199 2260 :praesertim
1208 2222 1270 2251 cum
1277 2222 1345 2259 apud
1355 2222 1506 2250 Arnobium
1516 2223 1544 2249 in
1553 2220 1607 2249 fine
1616 2221 1655 2248 lib.
1667 2223 1690 2247 6.
1702 2223 1729 2247 δε

78 2262 151 2289 Bene
159 2261 313 2290 Euelemon
321 2262 388 2299 apud
396 2261 517 2291 eumdem
526 2262 569 2289 lib.
582 2271 606 2295 5.
626 2266 704 2290 Suam
718 2261 820 2299 qut-'sque
836 2263 894 2289 For·
917 2262 1057 2289 Paulinum
1066 2263 1092 2288 in
1103 2259 1185 2294 Epist.
1199 2268 1221 2293 5.
1231 2261 1257 2290 ὃς
1268 2260 1291 2287 6.
1308 2258 1496 2291 eodemmodo
1513 2258 1642 2297 scripturn
1657 2257 1688 2286 sit
1702 2256 1729 2284 id

76 2306 166 2329 tunam
173 2299 302 2337 inconstlia
310 2298 402 2332 habet,
419 2296 476 2329 cam
483 2299 512 2329 de
519 2298 607 2328 altena
622 2298 752 2329 deliberat.
768 2298 792 2316 '²¹‘
811 2298 893 2329 Velut
904 2298 1037 2339 *verbum
1057 2297 1139 2332 Vales.

1032 2334 1189 2378 Nnnn
1225 2346 1247 2374 2
