2007 2658
134 91 838 157 ἯῗὲῒῖἷῗῃῗῗὲἒὲῗῖἱῗὲἓὲἒηζέῗιῗζῗῗῗὲῗΑ·
908 94 1028 141 LIB·
1043 95 1222 143 XXXI·
1241 94 1385 142 CAP·
1399 91 1534 143 XVI·
1606 107 1703 148 707

64 173 180 228 quod
201 187 279 216 non
301 184 344 215 ut
355 172 518 213 suaserat
533 181 643 211 antea
666 169 928 224 Fritigernus,
960 169 1216 210 obsidionales
1229 182 1417 209 aerumnas
1429 165 1707 223 ubique'decli·

67 240 218 271 narunt.

124 288 164 327 C
177 300 204 327 A
219 300 255 326 p.
285 283 328 324 X
339 284 381 326 V
396 284 422 323 1.
453 279 643 322 Converfi
658 280 743 334 post
754 280 836 321 haec
851 293 918 334 per
926 292 1042 320 omne
1053 288 1208 332 tempus
1221 278 1344 319 nostis
1377 279 1400 334 ζ
1412 289 1455 319 ut
1470 279 1604 320 aestivae
1629 295 1707 321 non

65 340 264 398 longum)
293 340 344 380 ad
353 338 555 379 vulnerum
568 350 675 376 curas
688 336 865 390 artesque
878 334 1058 376 medendi
1070 334 1229 388 gentiles
1243 367 1252 381 ‚
1271 335 1423 375 reddita
1438 334 1524 374 luce
1539 337 1576 375 in
1586 339 1708 376 varias

66 398 314 440 consiliorum
325 395 404 435 vias
414 393 697 434 diducebantur
709 419 721 439 ‚
751 392 935 446 quorsum
946 390 1145 431 tenderent
1156 390 1393 444 ambigentes
1409 407 1416 431 :
1431 390 1637 445 multisque
1649 393 1709 431 di-

64 456 177 497 etatis
188 459 227 495 δε
239 449 494 493 controversis
507 478 517 494 ‚
548 462 741 503 occupare
758 448 927 488 statuunt
943 445 1168 488 Perinthum
1182 467 1194 492 3
1223 447 1364 486 exinde
1373 461 1542 501 quaeque
1554 448 1710 489 divitia-

63 524 150 552 rum
180 513 194 537 8
215 508 374 550 referta:
388 505 618 547 docentibus
631 505 760 544 omnia
770 503 943 558 perfugis
957 530 970 550 ,
1001 503 1117 542 etiam
1147 502 1356 542 domorum
1381 503 1525 543 nedum
1553 503 1710 544 urbium

62 567 212 608 interna
223 563 434 606 noscentes.
464 562 583 604 Hanc
595 560 713 601 secuti
723 558 948 600 sententiam
961 572 1079 612 quam
1092 558 1228 598 utilem
1251 556 1514 599 existimarunt
1525 587 1537 607 ,
1568 561 1710 599 itineri-

63 623 135 664 bus
147 623 258 662 lentis
271 648 283 668 ‚
312 619 511 660 miscentes
523 618 660 658 cun&a
672 615 995 670 populationibus
1012 614 1248 671 &incendiis
1260 642 1273 661 ,
1298 614 1405 654 nullo
1413 615 1600 655 renitente
1622 629 1707 669 per-

63 679 221 734 gebant.
255 674 406 717 Obsessi
416 676 509 716 vero
521 673 628 728 apud
642 672 974 727 Hadrianopolim
989 700 1002 720 ,
1032 671 1119 726 post
1131 684 1266 710 eorum
1298 679 1312 702 9
1333 670 1479 710 abitum
1492 698 1504 717 ‚
1533 672 1622 711 cum
1646 686 1712 712 va-

62 748 150 777 care
159 732 269 775 hoste
279 733 366 774 loca
377 731 557 787 proxima
573 739 785 784 compertae
799 727 1131 770 fideinuntiafl‘ent
1154 726 1423 780 exploratores
1445 741 1453 765 :
1477 726 1611 782 egrefli
1633 741 1711 767 me-

62 791 130 832 dia
140 792 254 832 noste
266 818 279 837 ,
308 789 439 830 vitatis
452 787 654 843 aggeribus
665 785 832 840 publicis
845 813 857 833 ‚
876 798 944 838 per
957 782 1157 824 nemorosa
1169 787 1204 823 ὅ(
1221 783 1334 822 devia
1346 795 1433 836 pars
1446 782 1710 837 Philippopo-

61 847 158 895 lim,
185 855 203 883 Β
221 844 444 899 exindeque
455 844 652 885 Serdicam
669 869 686 889 ,
711 842 774 881 alii
785 841 836 880 ad
861 850 871 866 ¹
903 840 1180 881 Macedoniam
1200 852 1309 882 ‚cum
1324 839 1557 878 intemeratis
1571 841 1713 893 opibus

62 917 162 958 quas
172 903 363 943 habebant
375 929 388 947 ‚
417 901 525 939 omni
539 898 667 937 studio
678 896 728 936 ad
740 897 1030 951 properandum
1053 897 1280 950 excogitato
1293 895 1518 942 currebant,
1547 896 1653 935 velut
1673 897 1714 937 in

60 959 284 1014 regionibus
304 957 378 996 illis
390 954 616 1009 reperiendo
636 953 824 994 Valente:
839 966 957 1006 quem
980 954 1077 992 inter
1094 953 1245 992 medios
1266 952 1519 991 certaminum
1543 952 1713 992 turbines

59 1012 267 1069 oppetiisse
280 1040 293 1060 ,
321 1011 384 1053 vel
396 1011 501 1051 certe
513 1011 563 1050 ad
576 1010 776 1064 tugurium
797 1009 1012 1063 confugisse
1044 1009 1067 1063 ζ
1080 1009 1146 1048 ubi
1167 1007 1406 1048 existimatus
1433 1007 1486 1047 est
1507 1009 1547 1048 vi
1566 1007 1714 1062 periisse

59 1066 344 1121 flammarum)
376 1067 530 1120 penitus
541 1066 781 1120 ignorabant.
815 1068 870 1105 At
882 1065 1009 1106 Gothi
1027 1066 1184 1105 Hunnis
1199 1063 1410 1118 Alanisque
1423 1063 1594 1117 permisti
1605 1065 1717 1105 nimi-

61 1127 130 1169 fim
142 1122 329 1166 bellicofis
343 1126 379 1163 &
394 1120 562 1162 fortibus
575 1150 585 1167 ,
616 1122 822 1174 rerfimque
832 1119 1047 1174 asperarum
1061 1120 1361 1161 difficultatibus
1373 1121 1559 1161 induratis
1570 1148 1581 1167 ‚
1614 1133 1715 1174 quos

62 1183 169 1223 miris
182 1182 430 1236 praemiorum
445 1178 631 1219 illecebris
644 1177 713 1219 fibi
737 1176 898 1217 sociarat
919 1176 1085 1217 sollertia
1095 1177 1325 1230 Fritigerni:
1341 1175 1431 1216 fixis
1448 1178 1564 1230 juxta
1585 1176 1718 1217 Perin-

64 1238 177 1280 thum
187 1235 315 1278 castris
328 1261 340 1281 ,
373 1233 494 1289 ipsam
506 1234 667 1289 quidem
679 1233 814 1274 urbem
837 1233 1007 1274 cladium
1021 1246 1211 1273 memores
1232 1231 1477 1287 pristinarum
1498 1246 1569 1272 nec
1589 1232 1714 1279 adire,

63 1308 134 1336 nec
149 1303 295 1333 tentare
305 1291 391 1331 sunt
402 1290 499 1331 aufi:
515 1303 626 1345 agros
638 1290 732 1331 vero
748 1288 890 1330 fertiles
902 1290 980 1330 late
990 1289 1177 1330 distentos
1188 1293 1226 1330 &
1239 1288 1368 1343 longe,
1381 1288 1431 1328 ad
1461 1295 1477 1312 ²
1503 1298 1716 1329 extremam

12 1356 21 1359 ”
46 1349 262 1393 vastavere
274 1348 507 1402 paenuriam,
540 1346 754 1387 cultoribus
776 1346 879 1386 caesis
890 1357 957 1386 aut
978 1347 1115 1401 captis.
1150 1345 1272 1386 Unde
1295 1343 1681 1399 Constantinopolim
1705 1373 1716 1390 ‚

65 1407 270 1461 copiarum
282 1403 445 1445 cumulis
457 1403 643 1443 inhiantes
656 1401 894 1457 amplissimis
906 1431 919 1450 ,
950 1401 1095 1443 formas
1116 1402 1400 1456 quadratorum
1421 1402 1619 1455 agminum
1632 1401 1718 1441 infi-

67 1463 223 1504 diarum
235 1471 342 1500 metu
355 1457 543 1500 servantes
559 1486 570 1507 ,
601 1460 655 1499 ire
667 1460 776 1500 ocius
791 1457 1017 1499 festinabant
1030 1487 1040 1504 ‚
1070 1459 1193 1499 multa
1202 1459 1241 1498 in
1262 1458 1425 1498 exitium
1449 1457 1552 1497 urbis
1574 1457 1717 1497 inclitae

67 1518 254 1561 molituri.
280 1518 393 1567 Qios
406 1515 608 1556 inferentes
621 1514 693 1555 sese
705 1516 918 1556 immodice
929 1544 940 1563 ,
970 1513 1181 1569 obicesque
1205 1525 1410 1569 portarum
1434 1527 1542 1567 paene
1565 1512 1718 1566 pulsan-

46 1596 48 1599 >
69 1585 153 1621 tes,
182 1573 260 1614 hoc
269 1571 356 1612 casu
368 1571 513 1612 caeleste
525 1572 667 1626 repulit
677 1584 831 1611 numen.
860 1570 878 1596 *¹
898 1572 1174 1612 Saracenorum
1199 1584 1341 1610 cuneus
1365 1569 1387 1624 ζ
1398 1569 1510 1623 super
1544 1583 1717 1623 quorum

70 1631 220 1686 origine
232 1627 480 1682 moribusque
497 1627 652 1669 diversis
664 1628 702 1667 in
715 1628 811 1667 locis
824 1628 975 1668 retulim
982 1626 1184 1681 us‘plura)
1215 1629 1223 1653 i
1252 1627 1303 1666 ad
1314 1625 1451 1665 sortem
1466 1627 1587 1679 magis
1599 1638 1719 1679 expe-

67 1686 314 1727 ditionalium
331 1697 457 1724 rerum
472 1684 590 1737 quam
605 1683 654 1724 ad
671 1683 973 1724 concursatorias
984 1684 1120 1724 habilis
1131 1696 1280 1737 pugnas
1293 1711 1304 1730 ,
1336 1695 1463 1721 recens
1485 1682 1575 1721 illuc
1588 1695 1717 1721 accer-

71 1740 166 1782 fitus
175 1767 189 1787 ‚
219 1740 483 1792 congressurus
497 1739 754 1779 Barbarorum
768 1740 888 1794 globo
905 1741 1063 1793 repente
1074 1739 1172 1778 cons
1168 1738 1283 1792 persto
1296 1767 1309 1788 2
1340 1739 1361 1778 a
1373 1739 1530 1779 civitate
1551 1737 1718 1782 fidenter

111 1855 127 1881 8
147 1848 194 1886 Ms
202 1850 320 1877 refertas.
359 1847 670 1883 9M].&Steph,abitum
691 1851 797 1888 perdito
807 1859 876 1878 cum.
905 1849 1092 1878 &ionelocum
1108 1848 1138 1874 ab
1155 1847 1282 1875 Accurfio
1298 1856 1463 1883 corruptum
1479 1845 1584 1883 egregie
1601 1847 1718 1875 restitui-

76 1897 87 1915 ι
100 1887 147 1923 Mfi
157 1887 421 1915 Macedoniamcum.
459 1893 475 1911 2
494 1885 724 1924 Mspenuriamffc
736 1896 883 1916 extremam
909 1896 978 1914 mus.
997 1887 1102 1921 Qippe
1110 1885 1140 1912 ab
1150 1885 1407 1920 Hadrianopoliquae
1425 1893 1481 1912 erat
1493 1886 1667 1911 AEmirnonri
1681 1887 1719 1912 ci·

74 1925 207 1954 vastavere
215 1924 359 1960 penuriam.
904 1925 971 1950 vitas
978 1940 986 1952 ‚
1001 1923 1097 1950 dextra
1106 1922 1213 1958 quidem
1221 1925 1272 1949 iter
1281 1929 1337 1949 erat
1344 1924 1371 1949 in
1383 1924 1485 1949 Daciam
1494 1940 1500 1951 ,
1516 1921 1618 1948 sinistra
1627 1929 1718 1949 autem

906 1962 933 1986 in
946 1960 1142 1988 Macedoniam.
1162 1967 1192 1987 ut
1207 1966 1278 1995 patet
1295 1968 1327 1986 ex
1344 1959 1453 1987 Tabulis
1468 1958 1668 1994 Geographicis.
1689 1962 1717 1985 1-

74 2007 126 2036 rap.
138 1997 250 2026 Valentis
258 2007 290 2024 m.
300 1997 346 2024 luc.
357 1996 454 2033 questi,
465 1994 544 2035 &c.]
566 1997 648 2025 Vales.
908 1997 970 2024 dem.
1542 2014 1545 2015 ν

111 2044 130 2071 g
150 2034 294 2072 Exindeque
310 2033 436 2061 Serdicam
452 2034 533 2069 aljam
549 2034 697 2062 Macedoniae
711 2032 822 2064 urbem]
846 2036 881 2061 Ar
944 2035 961 2061 h
981 2036 1159 2061 Saracenorum
1182 2035 1301 2062 mutus]
1325 2032 1418 2060 Missus
1432 2031 1454 2059 ’ὲι
1474 2033 1558 2058 Mavia
1575 2032 1718 2058 Saraceno-

74 2072 179 2103 Serdica
187 2073 270 2100 Daciae
282 2070 578 2103 Mediterraneaecivitas
587 2069 624 2098 est
635 2089 642 2100 ‚
663 2080 719 2097 non
728 2079 814 2098 autem
828 2073 882 2104 Ma·
909 2081 970 2098 rum
980 2072 1081 2106 Regina
1089 2090 1096 2101 ,
1116 2078 1146 2097 ut
1155 2069 1242 2096 scribit
1251 2064 1373 2097 Soirates
1383 2071 1410 2096 in
1417 2078 1468 2105 cap.
1479 2079 1497 2096 ι.
1513 2068 1570 2095 libri
1588 2076 1614 2094 v.
1630 2069 1657 2096 ὃς
1667 2070 1719 2095 So-

72 2109 197 2146 cedoniae.
218 2110 310 2143 Qare
318 2106 377 2135 cum
387 2110 413 2135 in
423 2108 512 2136 codice
521 2109 606 2143 Regio
614 2109 718 2144 optimo
729 2116 755 2134 ac
764 2107 882 2138 fideliffi-
911 2116 1052 2135 zomenus.
1072 2111 1147 2134 Mem.

75 2155 120 2174 mo
130 2148 147 2177 Ε
157 2147 217 2174 &in
227 2144 349 2172 Colbert.
360 2146 373 2182 ]
386 2144 597 2174 &invenissem
610 2151 672 2179 pras·
682 2143 881 2180 Philippopolim,
945 2147 953 2171 1'
973 2144 1020 2172 Ad
1030 2145 1117 2178 fortem
1133 2145 1216 2179 magis
1236 2142 1454 2179 expeditionalium
1470 2151 1566 2169 rerum.
1586 2150 1663 2178 quam
1684 2140 1721 2168 ad

74 2181 358 2220 ‹amamus-’Serdicam
379 2182 439 2209 alia
454 2181 640 2210 Macedoniam,
661 2179 715 2211 &c⁴
736 2190 793 2210 non
810 2181 883 2211 dubi·
909 2181 1100 2216 concuffatorias
1109 2179 1166 2207 hab.
1174 2181 1303 2216 pugnax]
1327 2181 1445 2206 Saraceni
1455 2180 1523 2205 enirn
1533 2178 1650 2214 magis-ad
1658 2179 1717 2205 sur-

75 2221 129 2248 tavi
138 2221 204 2256 quin
214 2217 230 2247 ἔι
240 2218 392 2246 Marcellino
403 2221 439 2247 ita
447 2219 574 2256 scriptum
583 2217 672 2246 fuiffet
682 2235 690 2246 ‚
705 2224 768 2252 pars
785 2218 881 2254 Rhilip-
908 2226 932 2244 ta
943 2220 969 2246 &
979 2216 1202 2253 latrociniaquam
1211 2217 1241 2244 ad
1250 2225 1363 2252 pugnam
1373 2215 1418 2243 seu
1428 2215 1539 2242 stabilem
1549 2215 1594 2244 seu
1603 2224 1634 2242 ex
1653 2224 1719 2241 con-

69 2255 161 2292 polim‚
183 2253 317 2291 exindeque
326 2255 452 2283 Serdicam
461 2274 468 2285 ‚
486 2257 534 2284 alii
542 2255 578 2282 ad
582 2254 756 2282 Macedoniam
763 2251 829 2282 omit*
828 2255 884 2292 stu·
908 2254 1117 2290 cursationeapn'
1127 2255 1203 2282 sunt,
1223 2261 1254 2280 ut
1263 2260 1339 2280 norat
1347 2254 1424 2279 etiam
1433 2255 1587 2286 Procopius·
1598 2254 1624 2279 in
1638 2252 1679 2278 lib.
1693 2258 1720 2279 2»

69 2292 112 2329 *dio
119 2293 514 2330 adprop.excogitmcarrebant.
533 2290 804 2321 Etitauniuslitterae
813 2292 885 2328 adje-
909 2291 980 2321 Pers.
998 2293 1126 2329 Σκρακιωοδ
1133 2292 1206 2327 μῳ78
1215 2291 1466 2324 τειχομαχέινμςόι-ὶση
1483 2291 1600 2319 <nimrim-01
1608 2290 1669 2320 odra
1695 2289 1715 2315 ὲε

1193 2327 1349 2370 Vvvv
1383 2341 1402 2366 2
