2007 2658
906 67 1010 110 DE
1071 68 1306 112 VITA

265 157 557 195 saneinAmmiano-
570 158 720 193 memoria
745 158 922 194 conservata
934 158 977 194 est
999 159 1169 195 multorum
1182 182 1191 197 ‚
1213 156 1376 206 moresque
1396 171 1430 194 ac
1454 157 1621 207 dignitates
1635 158 1794 200 indicatae}
1805 159 1842 195 ad
1854 172 1935 209 quos

266 205 519 243 Constitutiones
529 211 560 243 &
573 207 734 255 Rescripta
744 208 812 243 data
827 208 893 242 sunt
907 222 915 243 t
943 210 1028 252 cujus
1042 221 1104 253 ope
1115 206 1230 242 vitiosa:
1241 207 1457 255 inscriptiones
1471 209 1506 244 ὃ(
1517 206 1751 255 subscriptiones
1762 231 1772 247 ‚
1797 219 1935 258 quato-

263 256 318 290 ties
329 267 496 293 occurrunt
506 257 536 291 in
554 256 676 291 Codice
686 279 696 295 ,
723 256 878 303 persanare
892 271 956 292 non
968 258 1012 292 est
1022 257 1156 293 difficile.
1183 256 1248 306 Qi
1269 256 1345 291 vero
1356 256 1603 305 Jurisprudentiae
1613 258 1675 303 jam
1690 258 1722 292 in
1734 256 1849 294 senium
1858 268 1935 295 tunc

262 306 419 355 vergentis
428 304 538 341 facicm
551 304 693 354 rugosam
705 305 808 340 videre
820 308 922 347 volet,
953 307 977 341 is
991 306 1113 353 sumpto
1122 306 1153 341 in
1165 318 1274 340 manus
1287 309 1437 340 Ammiano
1457 306 1661 354 consequetur
1674 305 1814 354 optime.
1840 308 1933 344 Alius

264 366 367 390 autem
378 355 455 403 apud
468 366 538 389 eum
548 353 780 402 deprehendet,
791 357 900 404 quibus
914 363 1103 393 Francorum,
1117 356 1375 401 Burgundionum,
1397 362 1545 389 Saxonum
1557 377 1567 394 ‚
1593 362 1739 391 Scotorum
1748 378 1761 396 ‚
1780 354 1934 392 aliort'im-

264 417 324 452 que
333 404 520 452 populorum
532 404 666 453 origines
675 403 815 439 nondum
831 405 899 439 satis
910 415 1089 454 compertas
1098 404 1241 439 declaret:
1259 416 1350 450 quarn
1365 403 1446 437 viam
1458 402 1594 452 persequi
1604 403 1701 439 nostri
1713 417 1781 439 non
1791 403 1836 440 est
1847 404 1934 441 insti-

265 453 331 487 tuti.
360 454 462 494 Haec,
485 463 518 488 ut
543 453 687 488 Lectoris
707 454 823 488 novelli
842 453 964 503 gustum
984 455 1153 488 excitarem
1167 476 1178 493 ,
1203 450 1340 501 eumque
1357 452 1465 488 leviter
1494 451 1674 488 instruerem
1693 476 1705 493 ‚
1727 453 1810 489 dieta
1829 453 1934 493 fimto.

266 502 451 551 Prorogabo
461 502 546 537 enim
556 502 741 549 ampliorem
762 501 850 546 hujus
861 502 1008 537 Historia:
1029 503 1234 537 collationem
1242 502 1276 536 in
1295 512 1417 549 tempus
1429 499 1536 536 suum:
1555 501 1573 535 fi
1587 501 1650 536 hoc
1661 514 1756 537 unum
1767 502 1935 550 repraesen-

267 559 373 586 tavero
384 573 393 589 ,
415 551 507 585 nobis
519 552 602 585 bona
625 548 688 584 fide
708 550 877 585 dolendum
889 550 966 590 elie,
986 554 1145 601 Julianum
1167 559 1305 597 Imperat.
1335 550 1519 586 acerrimum
1545 550 1628 586 Fidei
1650 549 1763 586 nostrae
1785 550 1908 589 hostem
1917 581 1930 594 ,

265 611 332 634 non
346 598 408 633 sine
419 599 506 634 causa
523 598 671 644 jastitfiss'e
683 599 761 634 libro
783 612 841 635 xxi
856 610 883 635 ῐ.
913 603 1021 634 Nullas
1032 599 1154 644 inses'las
1175 600 1332 634 bominibus
1352 599 1474 646 bestias,
1494 610 1524 634 ut
1541 601 1610 647 sunt
1624 600 1675 648 fibi
1680 601 1792 646 ferales
1806 603 1936 648 plerique

267 647 507 694 christianorum.
535 651 623 684 Nam
638 651 671 683 δε
682 648 824 683 eamdem
838 661 925 697 paene
938 647 1209 696 reprelienfionem
1221 648 1238 682 a
1260 649 1307 683 D.
1331 648 1492 697 Gregorio
1503 649 1706 684 Nazianzeno
1718 649 1750 684 in
1763 652 1936 701 Apologe-

266 697 331 731 tico
349 696 548 732 sustinuerunt
569 708 635 733 turn
659 696 837 734 Christiani.
868 697 980 746 Qid?
1002 710 1067 733 non
1080 697 1162 732 idern
1176 697 1207 733 in
1227 710 1288 732 nos
1298 695 1491 741 jacismerito
1513 696 1636 744 potest?
1656 698 1837 749 utinzimque
1855 700 1935 735 nihii

266 745 412 781 acerbius.
441 747 499 781 Sed
510 746 576 781 haec
598 746 689 781 alias:
704 759 829 796 pergam
842 759 923 781 nunc
936 746 971 782 ad
994 759 1105 783 cetera.

317 794 427 831 Genus
447 794 597 830 scribendi
616 796 747 845 sequitur
765 809 822 843 pro
833 796 1016 832 conditione
1037 807 1215 844 temporum
1237 797 1341 831 laetum
1353 808 1388 829 ac
1410 796 1566 833 floridum.
1593 796 1684 833 Nihil
1703 796 1789 833 enim
1798 797 1837 833 ad
1849 799 1935 845 Livi}

266 854 318 880 aut
332 847 427 880 Taciti
437 844 627 880 venustatem
640 869 650 885 ,
671 844 936 893 magnificentiam
948 872 955 884 .
969 846 1103 880 nitorem
1118 849 1305 881 Ammianus:
1325 846 1429 893 eoque
1440 846 1606 882 abillorum
1618 845 1756 881 leftione
1765 844 1932 895 digreffiis,

266 892 408 928 difficiles
422 894 517 929 aditus
539 895 616 943 apud
627 894 709 929 hunc
720 896 877 929 inveniet:
896 908 957 943 quo
970 906 1074 930 tamen
1086 894 1206 930 facilius
1218 905 1345 931 utuntur
1369 917 1380 933 ‚
1401 895 1450 943 qui
1465 895 1497 930 in
1518 895 1655 930 leetione
1669 894 1798 930 Codicis
1820 894 1935 931 Theo-

266 941 336 979 dos.
361 945 395 977 &
410 942 586 978 Aufiorum
599 943 734 986 ejusdem
745 944 843 979 saeculi
856 944 925 978 sunt
934 944 1103 980 exercitati.
1133 946 1220 979 Nam
1245 944 1394 991 temporis
1404 944 1482 979 illius
1490 944 1698 993 eloquentiam
1712 942 1934 989 proberelieru

265 1001 299 1027 ut
312 991 384 1028 vere
394 991 536 1027 constitui
550 993 652 1041 poffic,
660 995 762 1031 σύνεσιν
770 993 938 1030 mmmm>
947 994 975 1028 ei
985 992 1189 1032 iness'c,deeffe
1199 993 1275 1028 vero
1289 994 1460 1042 quamsaepe
1470 993 1594 1040 δύναμιν
1606 992 1834 1040 {saramalla-inlus.
1845 995 1936 1029 Tam

262 1039 438 1088 frequenter
449 1041 533 1078 enim
562 1043 672 1078 ςοαᾶἑ
687 1045 723 1079 8(
735 1044 824 1078 anxie
835 1044 969 1082 incedit3
983 1052 1016 1077 ut
1027 1041 1046 1076 li
1060 1043 1175 1077 indicio
1200 1041 1254 1077 suo
1265 1055 1330 1077 non
1346 1042 1376 1076 se
1388 1042 1564 1089 prodidissct
1580 1050 1710 1077 Gracum
1720 1064 1730 1080 2
1752 1045 1783 1077 δέ
1795 1043 1932 1077 militem:

265 1088 357 1124 facile
373 1099 478 1127 tamen
497 1093 595 1140 quivis
605 1093 769 1137 judicaret,
796 1093 914 1127 Latinae
935 1092 1100 1126 locutionis
1116 1090 1291 1126 facultatem
1315 1104 1381 1126 non
1399 1089 1459 1126 elle
1475 1092 1502 1126 ei
1525 1091 1682 1130 nativam,
1705 1100 1756 1125 aut
1776 1088 1932 1127 forensem

264 1138 477 1186 eloquentiam
489 1141 619 1176 minime
631 1139 712 1175 fuisse
725 1141 872 1176 sedarum
885 1156 892 1175 :
915 1142 992 1176 adeo
1002 1141 1192 1188 hyperbatis,
1213 1139 1405 1188 synchelibus
1419 1163 1429 1179 ,
1442 1141 1477 1176 ὅ(
1488 1141 1551 1175 aliis
1563 1139 1664 1174 fluidae
1674 1138 1824 1174 orationis
1835 1140 1934 1176 naevis

266 1187 407 1222 abundat.
437 1188 496 1223 Sed
508 1190 645 1225 militaris
658 1191 714 1225 viri
725 1190 826 1225 sensus
834 1191 975 1238 quamvis
987 1191 1139 1238 incompti
1152 1214 1162 1229 ,
1173 1200 1278 1224 tamen
1293 1189 1383 1224 validi
1394 1188 1472 1224 sunt.
1493 1189 1599 1224 Verba
1611 1188 1734 1236 quidem
1746 1187 1810 1223 fere
1822 1189 1934 1224 Latina

266 1234 327 1270 effe
337 1248 403 1270 non
414 1238 540 1286 negabit
553 1262 562 1276 ‚
576 1239 625 1288 qui
638 1239 776 1288 linguam
792 1240 935 1274 Latinam
948 1241 1050 1289 exiget
1062 1252 1127 1274 non
1139 1239 1174 1274 ad
1188 1237 1352 1286 praesentes
1362 1237 1514 1287 angustias
1525 1261 1535 1277 ,
1558 1238 1607 1272 led
1618 1237 1653 1272 ad
1665 1237 1836 1273 ubertatem
1847 1247 1935 1274 vete·

265 1297 346 1324 tem,
357 1288 388 1320 &
400 1286 435 1320 ad
448 1289 590 1333 praeclara
609 1289 804 1336 antiquorum
826 1300 1044 1324 monumemta
1054 1311 1063 1327 ,
1077 1289 1185 1336 quibus
1197 1300 1333 1323 caremus
1345 1316 1352 1328 ,
1377 1300 1504 1336 quaeque
1515 1288 1566 1322 illc
1577 1286 1693 1322 viderat
1707 1309 1717 1324 ‚
1741 1298 1775 1321 ac
1795 1285 1933 1322 studiose

266 1334 470 1372 leffitaverat.
498 1335 613 1371 Graeca
625 1348 696 1382 pura
707 1338 756 1372 vix
777 1338 921 1382 interjicit
933 1337 986 1372 nisi
1010 1338 1135 1372 coaetus
1147 1366 1154 1377 ‚
1178 1338 1214 1373 ὃ(
1235 1349 1304 1372 cum
1318 1337 1533 1372 admonitione
1550 1349 1585 1370 ac
1606 1334 1796 1383 praefatione.
1821 1336 1934 1372 Helle-

267 1381 359 1418 nismi
370 1382 476 1431 saepius
484 1395 648 1420 occurrunt
660 1398 698 1420 ex
712 1387 861 1434 temporis
874 1386 952 1421 illius
963 1387 1093 1422 licentia.
1121 1385 1324 1433 Compositio
1335 1384 1409 1420 alias
1420 1384 1463 1420 est
1475 1385 1666 1420 conveniens
1673 1383 1818 1419 Historiae
1827 1407 1840 1425 ‚
1863 1397 1933 1433 quae

270 1431 390 1479 (inquit
401 1433 522 1473 Fabius)
537 1446 654 1469 currere
665 1435 756 1468 debet
767 1447 801 1468 ac
811 1433 880 1469 ferri
893 1449 900 1468 :
922 1435 995 1469 alias
1006 1446 1107 1470 autem
1117 1435 1149 1469 in
1161 1434 1288 1469 salebras
1296 1457 1306 1474 ‚
1319 1435 1355 1470 &
1365 1432 1502 1482 asperum
1515 1447 1550 1469 ac
1561 1432 1930 1481 perplexum-sermonem

268 1480 456 1520 revolvitur,
478 1495 512 1516 ac
524 1484 606 1517 male
617 1483 657 1518 ita
670 1484 834 1530 componit
845 1507 856 1523 ,
874 1493 907 1518 ut
926 1482 980 1517 nili
993 1484 1100 1517 vitium
1121 1483 1197 1517 sitin
1220 1484 1371 1529 Scriptura
1381 1505 1390 1520 ‚
1411 1484 1475 1526 jure
1483 1483 1600 1518 dicatur
1610 1482 1710 1519 fecissc
1722 1481 1903 1531 ambiguum
1915 1505 1929 1523 2

268 1539 415 1577 quantum
425 1529 456 1564 in
467 1530 533 1578 ipso
543 1530 607 1568 filit.
622 1533 735 1566 Incidit
744 1533 839 1567 etiam
859 1532 888 1566 in
901 1532 978 1566 illius
989 1532 1123 1579 exempli
1135 1531 1242 1567 vitium
1255 1554 1265 1570 ‚
1277 1531 1360 1580 quod
1371 1532 1387 1565 a
1400 1531 1495 1566 Fabio
1509 1530 1659 1579 profertur
1668 1530 1763 1566 lib.v1
1774 1541 1788 1564 1
1796 1544 1933 1578 1.cap.2.

269 1577 345 1612 cum
358 1579 422 1626 quis
433 1578 525 1618 dicit,
543 1581 636 1627 visum
646 1578 664 1615 ἃ
671 1582 702 1626 se
712 1582 816 1615 librum
825 1583 972 1615 hominem
987 1581 1169 1627 scribentem.
1190 1580 1276 1623 (haec
1289 1579 1332 1614 est
1340 1579 1424 1614 enim
1436 1580 1604 1615 collocatio
1627 1579 1791 1614 verborum
1805 1579 1902 1616 Fabii.
1915 1582 1929 1619 )

269 1628 359 1663 Nam
370 1628 485 1663 etiarnsi
495 1629 605 1664 librum
619 1630 656 1664 ab
666 1629 796 1664 homine
815 1629 902 1664 scribi
913 1639 1032 1675 pateat3
1056 1629 1137 1663 male
1150 1639 1254 1664 tamen
1276 1629 1513 1676 composuerat,
1536 1627 1634 1675 inquit
1643 1627 1702 1661 ille.
1732 1627 1816 1662 Huic
1826 1638 1929 1665 autern

269 1675 383 1711 adfinia
401 1676 460 1712 esse
469 1678 500 1712 in
513 1681 682 1713 Marcellino
699 1681 843 1726 exempla
856 1702 863 1716 ‚
879 1679 990 1713 Scholia
1001 1678 1090 1725 nostra
1101 1678 1288 1725 probabunt.
1301 1677 1335 1713 ld
1347 1680 1382 1713 ὃ(
1393 1690 1430 1712 ex
1445 1677 1604 1712 antedietis
1616 1674 1710 1711 caulis
1721 1699 1732 1715 ‚
1744 1677 1779 1712 δε
1790 1677 1931 1713 maxime

270 1735 402 1772 propter
413 1725 545 1775 segetem
558 1739 695 1763 errorum
707 1741 741 1762 ac
755 1727 935 1763 mendarum
949 1750 960 1766 ‚
981 1740 1048 1774 qua:
1062 1727 1093 1762 in
1104 1730 1169 1773 ejus
1180 1727 1317 1762 Historia
1332 1726 1440 1774 passim
1451 1736 1616 1761 occurrunt
1625 1748 1635 1764 ,
1648 1724 1831 1773 contingere
1840 1724 1930 1764 solet.

268 1775 375 1810 Verba
398 1777 480 1811 enim
493 1776 606 1812 inverfia
618 1800 627 1816 ‚
647 1781 678 1812 &
691 1777 817 1823 trajecta
827 1800 837 1816 ,
850 1777 1025 1824 interrupta:
1036 1776 1193 1812 sententia:
1203 1801 1213 1817 ,
1232 1780 1265 1811 &
1280 1775 1412 1812 confusae
1421 1773 1818 1810 narrationesinveniuntur
1828 1772 1930 1823 saepis-

270 1822 366 1863 fimo,
385 1828 418 1859 &
441 1826 608 1861 Leetorem
628 1836 779 1863 avertunt.
807 1829 965 1872 Qaenon
980 1836 1043 1862 tarn
1057 1826 1224 1866 Aut‘toris,
1249 1825 1344 1872 quam
1364 1824 1535 1872 temporis,
1552 1836 1586 1858 ac
1597 1820 1832 1858 describentium
1855 1823 1929 1862 vitia
1952 1850 1958 1860 »,

270 1872 350 1909 sunt.
376 1875 420 1909 Ea
430 1887 489 1909 nos
501 1876 633 1910 maxima
645 1889 682 1911 ex
695 1887 780 1924 parte
788 1886 838 1910 aut
848 1874 1021 1910 sanavimus
1032 1899 1042 1915 ‚
1064 1886 1113 1911 aut
1123 1876 1331 1911 indicavimus.
1834 1889 1836 1892 ’

321 1923 398 1957 Sunt
411 1924 670 1971 quiMarcellinum
681 1925 966 1965 existiment‚unum
977 1937 1015 1959 ex
1025 1924 1170 1958 omnibus
1180 1924 1627 1973 rerumScriptoribusTacitum
1637 1922 1688 1959 fibi
1698 1923 1733 1958 ad
1744 1922 1928 1960 intuendum

271 1974 304 2007 &
321 1971 502 2007 imitandum
516 1972 789 2023 proposuisseEgo
799 1973 880 2022 quod
893 1974 1051 2018 exemplar
1062 1971 1376 2010 scribendaeI-listoriae
1386 1973 1438 2009 sibi
1449 1971 1778 2022 designaverit,nesci0;
1788 1973 1850 2008 boc
1858 1983 1928 2008 tan-

271 2020 345 2056 tum
356 2020 430 2061 scio,
442 2034 499 2057 nec
510 2022 674 2056 verborum
687 2025 812 2058 corni-lii
823 2022 1017 2070 dignitatem,
1029 2034 1086 2055 nec
1097 2021 1311 2060 sententiarum
1328 2023 1454 2062 lumina,
1466 2035 1522 2058 nec
1533 2023 1680 2067 judicium
1692 2022 1723 2056 in
1735 2033 1834 2057 rerum
1844 2022 1932 2072 dele-—

273 2070 327 2105 <stu
341 2093 352 2110 ‚
364 2083 421 2105 nec
431 2071 572 2106 ordinem
584 2072 744 2112 narrandi,
759 2083 817 2107 nec
833 2070 971 2106 divinam
983 2069 1164 2106 brevitatem
1176 2070 1257 2106 fuisse
1267 2073 1464 2108 consecutum
1477 2087 1486 2107 t
1497 2072 1562 2107 haec
1574 2072 1658 2107 enim
1668 2069 1928 2107 inimitabiliaesse
1962 2075 1964 2078 ’

270 2119 387 2165 judico.
415 2123 500 2155 Ineo
518 2119 641 2156 tantum
662 2122 779 2169 utrique
798 2119 1010 2158 conveniunt,
1035 2119 1120 2168 quod
1132 2133 1178 2155 res
1198 2121 1302 2156 civiles
1317 2121 1519 2161 ‚domesticas
1531 2119 1752 2169 ,cognitiones
1771 2118 1927 2161 celebres,
1967 2148 1969 2151 .

271 2181 307 2204 ac
318 2169 448 2217 pericula
460 2168 645 2217 singulorum
664 2170 824 2219 diligenter
844 2181 877 2204 ac
888 2181 959 2203 cum
972 2166 1034 2204 fide
1044 2181 1179 2207 narrent.
1206 2170 1468 2219 cumanumque
1485 2170 1575 2220 igitur
1591 2169 1780 2216 Scriptorem
1793 2166 1860 2203 satis
1872 2180 1926 2203 cu-

273 2217 354 2253 riose
363 2218 502 2253 triverim
517 2246 524 2257 ‚
553 2231 722 2268 numquam
741 2230 845 2253 tamen
868 2217 998 2252 studium
1017 2219 1164 2253 eximium
1177 2223 1346 2255 Mari‘ellini
1359 2221 1388 2254 in
1410 2222 1509 2255 Tacito
1527 2217 1714 2256 evolutando
1726 2216 1929 2264 potuiobserh

273 2278 355 2303 vare.
381 2266 451 2302 Effe
465 2278 566 2302 autem
589 2271 806 2305 ‹Ammianum
820 2269 918 2303 Tacito
931 2266 1103 2302 uberiorem
1115 2295 1122 2307 ‚
1139 2269 1243 2316 (quod
1257 2270 1301 2305 vir
1318 2269 1428 2304 doctus
1440 2268 1576 2317 scripsit)
1601 2279 1666 2302 non
1677 2264 1778 2301 statim
1790 2267 1928 2302 credide-

272 2314 343 2355 rim.
370 2317 420 2351 Sic
431 2317 516 2353 enim
527 2317 639 2354 statuo,
652 2318 682 2352 Si
696 2318 732 2354 ad
744 2317 916 2354 Annalium
926 2316 1021 2352 libros
1033 2318 1301 2366 comparationem
1314 2330 1507 2358 revocemus,
1520 2317 1616 2353 laxior
1630 2319 1663 2351 &
1680 2313 1816 2352 diffiifior
1827 2317 1927 2352 Tacito

1811 2365 1925 2401 Ammi-
