2007 2658
111 87 246 113 vni-tus.
255 84 359 109 GRA'H
367 89 437 109 nun
447 84 471 109 δι
482 82 662 110 valentinianus
672 83 744 106 ΑΑΑ.
754 81 853 106 valente
923 82 1235 135 LIBOXXXI.
1254 84 1398 132 CAP.
1411 83 1524 131 XII·
1594 86 1690 145 697

141 120 172 142 Α.
186 120 226 144 VI.
234 117 259 142 δι
270 117 440 142 valentiniano
451 120 480 142 Α.
492 121 528 142 11.
540 115 606 141 coss’.
616 119 689 140 Anno
698 114 755 140 Chr.
765 113 816 145 378.

43 159 189 200 viarum
202 154 333 211 spatiis
343 154 582 212 confragosis
595 184 605 201 ,
626 156 714 195 cum
723 157 762 194 in
774 151 941 194 med1um
954 154 1124 195 torridus
1134 154 1369 209 procederet
1379 155 1462 197 dies
1474 186 1486 206 ,
1513 159 1520 184 ῑ
1553 157 1697 199 octavo

43 212 202 253 tandem
216 212 378 253 hostium
389 223 572 266 carpenta
586 222 818 257 cernuntur,
850 211 864 234 ⁶
884 221 966 262 quae
977 208 1022 249 ad
1034 209 1201 263 speciem
1223 210 1473 252 rotunditatis
1492 211 1698 254 detornata

43 267 261 324 digestaque
275 266 565 322 exploratorum
596 265 784 306 relatione
803 263 1096 305 affirmabantur.
1125 266 1267 318 Atque
1284 277 1327 304 ut
1348 278 1435 306 mos
1456 267 1508 307 est
1527 268 1697 309 ululante

41 323 197 364 barbara
209 323 322 378 plebe
333 321 453 362 ferum
467 327 504 363 &
519 320 624 361 triste
636 350 647 366 ,
670 324 834 364 Romani
845 322 972 360 Duces
984 321 1103 360 aciem
1115 318 1284 360 struxere
1296 338 1304 360 :
1319 325 1358 363 &
1369 322 1592 377 anteposito
1603 324 1697 364 dex-

41 389 106 420 tro
118 392 243 420 cornu
272 387 286 411 7
307 380 477 432 equitum
491 379 620 431 primo
634 406 644 422 ,
668 376 864 432 peditatus
877 389 964 430 pars
981 378 1144 415 maxima
1161 374 1392 417 subsidebat
1411 378 1548 419 Cornu
1566 390 1695 419 autem
1712 404 1720 414 ·

42 438 214 489 equitum
227 433 361 476 laevum
373 431 546 485 disjectis
579 436 592 460 8
614 432 734 473 adhuc
746 445 816 486 per
827 434 964 471 itinera
974 430 1147 485 plurimis
1158 459 1168 475 ‚
1198 430 1342 472 summa
1358 431 1586 474 difficultate
1599 448 1696 475 con-

40 489 199 530 ductum
211 488 445 544 properabat
457 487 617 544 paffibus
628 491 730 529 citis.
744 489 925 541 Dumque
938 486 1040 526 idem
1052 500 1175 527 cornu
1190 485 1303 526 nullo*
1329 496 1345 520 9
1366 491 1564 530 etiamtum
1577 492 1696 530 inter-

39 545 219 586 turbante
231 544 475 592 extenditur,
508 543 707 585 horrendo
719 541 870 600 fragore
895 543 913 570 k
933 541 1167 582 sibilantibus
1177 545 1315 593 armis,
1346 543 1533 598 pulsuque
1556 547 1696 587 minaci

35 599 234 642 scutorum
246 605 372 642 territi
384 600 562 647 Barbari,
591 602 773 656 quoniam
784 611 870 654 pars
882 611 1016 639 eorum
1028 611 1115 638 cum
1125 596 1306 639 Alatheo
1319 602 1357 641 &
1386 608 1397 625 ¹
1423 598 1575 640 Safrace
1601 615 1695 656 pro-

38 655 102 697 cul
114 669 229 713 agens
239 686 250 702 ‚
283 662 322 700 ὅτ.
350 666 366 684 ²
388 660 508 698 accita
536 656 545 683 ¹
573 655 747 697 nondum
757 667 918 697 venerat
930 681 942 702 ,
976 662 986 687 3
1010 666 1191 694 oraturos
1210 667 1344 708 pacem
1371 656 1512 695 misere
1534 655 1694 711 legatos,

37 715 183 753 Eorum
196 711 286 753 dum
295 712 485 754 vilitatem
500 711 664 768 despicit
683 714 901 767 imperator
913 740 923 755 ‚
953 722 997 750 ut
1007 709 1118 750 firma
1129 709 1271 750 fierent
1298 709 1521 765 paciscenda
1532 740 1542 756 ‚
1576 713 1697 766 Opti.

36 780 163 809 mates
176 768 342 824 poscens
354 769 521 810 idoneos
531 772 657 810 mitti:
678 768 732 809 illi
742 766 792 807 de
807 766 985 807 industria
1005 765 1302 810 cunctabantur,
1324 777 1377 806 *ut
1403 769 1509 806 inter
1538 765 1698 809 fallaces

36 823 205 865 indutias
220 829 374 880 equites
391 825 444 866 sui
457 825 629 866 redirent
641 853 652 871 ,
684 837 784 879 quos
795 821 930 862 adfore
936 825 1017 874 jam
1029 821 1244 876 sperabant:
1260 825 1298 863 &
1310 821 1421 873 miles
1433 820 1587 864 fervore
1597 823 1697 864 cale-

33 877 158 921 faetus
171 881 321 928 aestivo,
350 881 457 923 siccis
479 881 647 920 faucibus
672 890 955 919 commarceret
978 877 1177 918 relucente
1196 876 1450 932 amplitudine
1469 891 1696 933 camporum

6 974 11 975 ⁷
34 943 54 968 4
73 936 259 977 incendiis
275 966 286 982 ,
320 950 419 990 quos
434 936 544 992 lignis
556 934 880 989 nutrimentisque
891 933 1006 974 aridis
1019 932 1176 974 subditis
1187 943 1230 974 ut
1241 933 1318 973 hoc
1328 934 1443 974 fieret
1455 963 1465 980 ,
1495 933 1609 975 iidem
1623 934 1696 975 ho-

32 989 107 1032 stes
122 991 293 1033 urebant.
325 994 398 1034 Cui
412 992 628 1033 malo-aliud
639 1005 797 1047 quoque
813 990 1020 1032 accedebat
1035 989 1210 1035 exitiale,
1240 989 1349 1043 quod
1371 989 1551 1031 homInes
1576 996 1614 1033 &
1631 995 1696 1044 ju-

14 1049 19 1052 ’
31 1059 166 1088 menta
176 1047 365 1088 cruciabat
379 1047 504 1087 inedia
514 1051 647 1102 gravis.
670 1050 777 1087 inter
789 1060 873 1101 quae
887 1048 1121 1101 Fritigernus
1142 1044 1303 1087 callidus
1314 1044 1432 1086 futuri
1452 1045 1660 1100 conjector
1679 1075 1692 1092 ,

32 1103 281 1156 Martemque
292 1096 567 1157 pertimescens
578 1106 786 1158 ancipitem
800 1136 809 1151 ,
820 1102 929 1145 velut
940 1103 1233 1142 caduceatorem
1245 1115 1364 1142 unum
1377 1104 1398 1142 e
1414 1102 1526 1157 plebe
1542 1102 1610 1143 suo
1622 1105 1694 1143 mi·

33 1157 83 1198 fit
93 1157 252 1199 arbitrio
267 1187 276 1204 ‚
307 1162 499 1214 impetens
510 1159 658 1201 nobiles
670 1158 856 1214 quosdam
873 1163 910 1200 &
925 1157 1074 1198 eleaestos
1085 1156 1131 1197 acl
1144 1157 1183 1197 se
1193 1156 1423 1212 propediem
1438 1157 1592 1198 obfides
1603 1161 1696 1199 mit-

34 1216 90 1259 ti,
121 1213 333 1269 impavidus
353 1215 434 1270 ipse
453 1220 532 1258 vim
557 1215 761 1258 militarem
780 1215 924 1256 laturus
947 1219 984 1256 &
1006 1211 1222 1254 neceffaria-
1252 1211 1426 1254 Laudato
1447 1214 1696 1269 probatoque

32 1267 230 1311 formidati
241 1272 359 1311 Ducis
366 1272 585 1327 proposito,
598 1273 791 1312 Tribunus
804 1272 1023 1325 AEquitius
1035 1272 1094 1309 cui
1107 1281 1198 1309 tunc
1211 1280 1293 1309 erat
1304 1282 1393 1310 cura
1418 1270 1551 1310 Palatii
1569 1269 1693 1310 credi-

33 1335 94 1370 ta,
126 1326 301 1367 Valentis
313 1331 553 1383 propinquus
568 1357 579 1377 ‚
611 1325 899 1378 assentientibus
910 1325 1124 1366 cunctisne
1143 1327 1315 1382 pignoris
1333 1324 1423 1365 loco
1446 1329 1593 1366 mature
1618 1325 1696 1366 dis-

34 1383 206 1436 ponitur.
237 1382 332 1436 an
347 1387 541 1425 renitente
553 1415 563 1432 ,
591 1388 681 1439 quia
694 1383 811 1424 semel
819 1393 954 1437 captus
964 1381 1010 1422 ab
1026 1381 1195 1422 hostibus
1210 1411 1220 1427 ,
1249 1380 1448 1436 lapsusque
1460 1385 1482 1422 a
1506 1382 1667 1423 Dibalto
1678 1410 1692 1430 ,

35 1436 243 1479 verebatur
255 1450 388 1479 eorum
403 1440 682 1481 irrationabiles
703 1451 833 1480 motus
847 1468 856 1484 ,
880 1437 1132 1478 Richomeres
1161 1448 1186 1464 π’
1204 1437 1243 1478 se
1265 1436 1407 1491 sponte
1431 1437 1575 1479 obtulit
1600 1451 1696 1493 pro-

36 1496 120 1547 pria
138 1495 292 1548 :ireque
301 1496 529 1549 promiserat
544 1495 665 1537 libens
675 1525 684 1541 ‚
698 1495 899 1550 pulchrum
910 1493 986 1533 hoc
998 1506 1156 1547 quoque
1179 1492 1322 1534 facinus
1334 1498 1372 1535 &
1385 1497 1470 1535 viro
1481 1498 1694 1537 convenire

36 1547 256 1590 existimans
268 1548 549 1606 fortizjamque
572 1552 755 1608 pergebat
782 1549 919 1590 indicia
938 1549 1188 1604 dignitatis&
1221 1558 1233 1580 5
1254 1549 1435 1589 natalium
1467 1549 1693 1602 [daturus]

36 1606 95 1645 Eo
107 1603 155 1645 ad
171 1605 311 1647 vallum
322 1605 461 1649 hostile
480 1607 691 1654 tendente,
719 1608 911 1663 Sagittarii
935 1610 974 1648 &
997 1606 1183 1654 Scutarii,
1214 1615 1231 1632 ¹³
1251 1617 1352 1659 quos
1372 1607 1551 1647 Bacurius
1569 1606 1693 1648 Hibe-

75 1717 92 1742 6
111 1718 203 1752 wlquae
212 1714 391 1754 mfi&Steph.
407 1718 477 1754 deest.
516 1728 530 1752 7
551 1720 597 1748 AI.
614 1722 736 1757 equitum
754 1721 847 1748 itinera
875 1713 1077 1749 deratoraiuros,
1096 1718 1321 1754 quemadmodum
1329 1716 1386 1745 fere
1395 1720 1420 1744 in
1432 1718 1505 1745 Flor.
1513 1718 1563 1752 legi
1579 1716 1691 1745 testatus

40 1753 136 1789 primo.
175 1755 188 1779 8
209 1754 255 1780 Al.
269 1754 353 1782 adhuc
374 1755 551 1789 perplurimis.
589 1767 605 1789 9
628 1758 675 1790 Ms
696 1758 847 1783 etiamdum.
875 1756 913 1781 est
924 1757 1155 1789 Lindenbrogius;
1175 1755 1361 1781 existimavific
1370 1754 1384 1781 ὲ
1395 1755 1551 1781 Marcellino
1561 1754 1691 1790 scriprum

39 1789 88 1816 Al.
97 1790 251 1815 etiamnum.
292 1798 301 1816 1
323 1789 370 1817 AI.
386 1791 498 1825 Safrage.
537 1799 553 1816 2
573 1789 620 1827 Mst
637 1794 729 1819 accito.
768 1801 778 1824 3
802 1791 847 1826 Ms
874 1791 962 1820 fuine,
979 1792 1105 1827 Qoniam
1109 1797 1172 1825 pars
1180 1800 1260 1817 eorum
1269 1800 1324 1826 cum
1333 1790 1600 1826 Alathe0&Safi·ace
1605 1791 1693 1826 procul

38 1825 172 1853 foederato
180 1834 292 1853 raturas.
333 1835 350 1858 4
368 1827 550 1864 Mſsinpondiis
559 1837 629 1864 quos
639 1831 742 1864 ignare!
781 1837 793 1861 5
805 1832 851 1866 MJ.
874 1836 950 1863 agens
958 1826 1093 1858 &accitas
1111 1826 1216 1855 nondum
1232 1834 1356 1857 venerat,
1376 1833 1487 1856 oraturos
1496 1835 1585 1864 pacem
1599 1828 1691 1856 misere

38 1863 163 1891 natalium
172 1883 238 1890 .....
247 1863 334 1891 and.
878 1864 978 1900 legatos.
999 1864 1081 1891 Idem.

50 1910 847 1936 ——-—-.—-—1—-—————--—
912 1910 939 1928 m
959 1903 990 1927 Se
997 1901 1083 1938 sponte
1096 1898 1185 1927 obtulit
1193 1902 1294 1935 propria
1307 1903 1344 1927 ire
1365 1902 1409 1937 qui
1413 1900 1560 1936 promiserat
1575 1901 1685 1938 libens-,J

37 1929 268 1972 guandicupidum
277 1929 359 1958 fuisse.
372 1932 384 1968 ]
407 1931 486 1968 Vales.
878 1939 941 1964 Haec
949 1937 1051 1964 locutio
1066 1936 1178 1973 prorsus
1187 1937 1308 1967 barbara,
1328 1938 1355 1964 δε
1375 1938 1520 1965 Marcellini
1536 1939 1622 1965 nostri
1638 1939 1690 1965 ele-

76 1976 85 1993 r
104 1968 203 1994 οέῖαω
210 1965 310 2010 tandem
317 1967 661 2010 bqqstiumcarp.cernuntur.]
684 1968 714 1996 Id
730 1968 768 1996 est
778 1969 861 2009 odia·¹
875 1975 964 2009 gantia
973 1974 1010 2001 est
1019 1974 1125 2010 indigna
1135 1982 1141 2000 τ
1151 1974 1263 2009 proinde
1271 1973 1344 2001 nulla
1360 1972 1417 2001 fere
1436 1977 1586 2002 mutatione
1598 1975 1690 2003 locum

39 2012 77 2046 ⁷.⁰
85 2003 169 2040 lapide
178 2004 222 2032 seu
232 2003 354 2046 milhano
363 2006 393 2032 ab
403 2005 594 2041 Hadrianopoli
604 2017 610 2031 ι
621 2015 781 2042 quamquam
792 2007 801 2032 1
806 2007 848 2033 da·
860 2012 861 2018 ¹
874 2010 911 2038 fic
920 2010 1117 2038 restituendum
1126 2011 1177 2037 esse
1185 2010 1250 2037 duxi
1260 2020 1266 2037 ι
1277 2010 1393 2045 Sesponte
1401 2010 1490 2039 abtulit
1500 2015 1602 2047 propria
1616 2023 1623 2038 .-
1640 2014 1691 2039 ire-

39 2047 94 2068 nus
103 2043 129 2068 in
141 2041 220 2068 Fastis
236 2041 356 2069 milliario
371 2050 434 2070 ιιι.
448 2042 479 2069 ab
493 2043 685 2079 Hadrianopoli
699 2051 847 2079 pugnatum
861 2045 918 2084 'que
924 2046 1072 2083 promistrat
1081 2046 1173 2075 ltbens.
1194 2043 1248 2077 &a
1268 2047 1350 2074 Idem.

37 2077 166 2105 essedicit.
185 2077 262 2105 Idem·
862 2083 865 2115 l
909 2094 926 2114 n
974 2086 1142 2111 uosBacurius
1152 2083 1294 2115 Hiberus]
1313 2084 1387 2110 Sicin
1397 2084 1631 2120 exemplariRegio
1644 2083 1689 2119 [δε

75 2114 95 2142 k
113 2113 295 2142 Stmulantibus
303 2116 411 2153 armis.]
424 2117 495 2151 Lege
503 2125 563 2144 meo
572 2116 704 2152 periculo,
716 2115 846 2152 sibilanti·
863 2118 976 2158 ]Colb.]
999 2121 1112 2149 dicitur,
1134 2129 1190 2148 non
1201 2122 1333 2149 Baturius,
1351 2123 1415 2147 utin
1426 2121 1540 2156 vulgatis
1562 2122 1689 2149 haetenus

39 2149 180 2178 busarmis.
198 2153 238 2179 Sic
246 2154 318 2178 enim
328 2151 452 2187 loquitur
462 2153 631 2181 Marcellinus
640 2156 667 2181 in
675 2153 717 2180 lib.
725 2162 846 2190 xxvcap.
864 2155 1053 2190 {Editionibus
1074 2159 1127 2184 Hic
1136 2157 1189 2186 est,
1210 2158 1237 2184 ni
1251 2156 1330 2183 fallor
1340 2175 1347 2185 ‚
1367 2157 1509 2188 Bacurius,
1527 2159 1605 2192 cujus
1615 2167 1692 2194 egre*

41 2196 82 2215 Π.
102 2190 284 2223 Armarumque
292 2188 395 2224 lugubre
397 2189 556 2228 fibzlantium
563 2190 678 2226 fragore,
689 2188 744 2221 &a
765 2190 845 2219 Idem.
865 2194 914 2229 ‘gia
924 2195 1007 2231 operi
1016 2193 1186 2221 Theodosius
1194 2193 1258 2221 usus
1275 2193 1312 2219 est
1329 2194 1356 2219 in
1373 2193 1442 2220 bello
1457 2194 1583 2221 adversus
1602 2196 1691 2230 Euge-

75 2225 85 2252 1
104 2224 218 2257 Nondum
230 2224 393 2258 foederatum-s·
403 2235 498 2262 pacem.
511 2229 523 2264 ]
547 2229 627 2257 Hunc
641 2228 745 2258 locum,
761 2230 850 2264 quio-
866 2233 952 2258 'nium
962 2240 1127 2268 tyrannum;
1149 2238 1180 2258 ut
1198 2231 1284 2258 scribit
1295 2228 1430 2257 Zosimus.
1450 2232 1484 2257 Et
1492 2232 1532 2259 hic
1540 2231 1645 2267 quidem
1661 2241 1692 2258 o-

37 2263 94 2289 mni
103 2261 179 2289 sensu
188 2261 290 2289 carebat
297 2281 303 2292 ,
311 2262 484 2300 levinegotio
494 2264 528 2291 fic
536 2265 679 2292 emendavi.
700 2264 771 2294 cum
780 2268 850 2295 enim
865 2268 1003 2299 ,riundum
1012 2271 1046 2295 ait
1054 2268 1130 2296 fuisse
1137 2276 1168 2294 ex
1180 2268 1372 2302 Armenia,quae
1384 2267 1496 2295 Hiberiae
1505 2268 1621 2296 confinis
1631 2269 1693 2295 fiait:

36 2299 231 2339 &Mffgssegiq
251 2298 269 2316 ³*
289 2299 424 2342 &Tolosg
441 2305 461 2338 J
479 2301 608 2340 scnptum
620 2303 852 2345 invenis—sermfaeg
864 2304 902 2344 (βξ
910 2307 1096 2334 virumomnis
1106 2304 1209 2333 malitiae
1223 2314 1250 2333 ac
1266 2303 1322 2333 doli
1329 2311 1483 2340 expertem,
1501 2305 1588 2336 bellica
1603 2312 1692 2334 autem

1067 2342 1203 2399 {Tttt
