2007 2658
443 62 1408 129 DEDICATIO.

96 187 198 236 viris
229 184 372 233 doctis
405 179 552 229 efferri
575 177 884 229 observabam,
956 181 1132 230 Harum
1159 196 1309 228 rerum
1334 182 1746 241 confideratione&

94 260 186 332 ipse
208 261 440 314 excitatus,
465 272 550 304 nec
570 273 625 304 ex
643 270 771 305 muto
796 257 1006 323 sanguine
1028 275 1101 305 me
1124 252 1373 325 provenisse
1393 260 1596 327 cogitans
1620 298 1633 321 ‚
1652 281 1747 316 tota

98 341 325 407 juventute
353 348 455 381 mea
482 332 781 399 flagraveram
811 334 857 382 in
889 330 1002 381 illud
1029 333 1207 402 imperii
1234 333 1330 382 Tui
1356 337 1585 402 penetrale
1620 340 1741 390 velut

92 412 220 463 sacris
253 408 383 458 rebus
404 407 635 466 secedere,
669 414 715 457 ὃς
738 426 878 478 quum
904 409 1031 457 annis
1053 409 1099 458 id
1124 407 1268 477 ipsum
1290 407 1574 462 hortantibus
1599 412 1740 463 facul-

92 503 158 538 tas
189 504 283 536 non
308 484 473 536 deesse-t
497 520 510 544 ‚
545 481 670 552 quasi
692 488 797 533 Deo
829 485 1096 535 monstranti
1120 503 1196 534 me
1230 484 1432 536 concessi.
1506 490 1629 557 Qae
1670 490 1748 541 illa

90 561 174 612 fuit
204 561 475 631 hospitalitas
502 562 733 618 Musarum
760 561 1040 610 Etruscarum
1063 573 1078 609 .>
1111 578 1209 630 quae
1234 560 1310 610 illa
1337 564 1428 610 vita
1443 580 1544 612 mea
1566 576 1580 612 .>
1608 582 1746 634 quam

90 636 217 706 super
235 654 422 686 omnem
443 637 708 706 opinionem
729 636 900 708 literata
929 636 1049 685 istius
1083 639 1299 705 temporis
1330 636 1580 688 studiorum
1600 643 1745 707 agita..

90 715 186 762 tio?
222 715 387 780 Qum
405 728 479 771 ‚ut
513 728 617 781 vere
652 712 800 760 dicam
830 748 843 770 ‚
878 711 1052 761 studere
1082 713 1267 761 demum
1303 712 1444 764 didici
1471 750 1486 773 ‚
1517 715 1608 764 hoc
1635 715 1699 766 est
1728 753 1744 775 ,

93 788 447 838 animadvertere
476 823 489 846 ,
524 785 633 857 quid
656 789 716 845 is,
738 789 816 858 qui
842 786 1045 837 feliciora
1072 795 1117 837 δε
1151 787 1221 840 his
1252 790 1493 840 reconditis
1532 790 1656 840 libris
1679 794 1747 840 ina

92 863 325 915 strufflora
346 864 447 914 loca
465 865 660 933 sequitur
687 899 700 922 ,
737 858 961 914 interesset
983 864 1063 927 illo
1099 903 1115 926 ‚
1153 868 1230 937 qui
1267 865 1393 916 domi
1427 865 1634 917 habitans
1684 867 1748 918 sa-

91 942 198 990 tiare
230 941 272 989 se
295 938 442 1010 potest
465 939 558 989 sola
581 939 967 1008 contemplatione
1003 959 1160 991 eorum
1183 981 1197 1006 ,
1236 959 1335 1010 quat
1365 940 1423 992 ab
1454 944 1748 1013 typographis

91 1021 254 1087 accipit
273 1054 285 1075 ,
317 1017 434 1066 ultra
457 1015 620 1066 horum
643 1030 816 1065 aetatem
839 1015 953 1065 nihil
981 1016 1106 1086 pensi
1140 1015 1328 1065 habens.
1401 1016 1488 1066 Ista
1518 1016 1596 1067 illa
1625 1019 1744 1068 cala-

90 1096 222 1143 mitas
248 1091 311 1142 est
330 1133 343 1157 ‚
384 1110 485 1162 quae
505 1094 551 1139 in
580 1090 650 1140 his
685 1091 873 1161 quidem
897 1095 1023 1142 terris
1062 1093 1222 1141 nimias
1260 1094 1407 1142 ruinas
1435 1093 1540 1142 edit.
1615 1096 1742 1145 Hinc:

87 1167 261 1239 aliquid
285 1188 340 1218 ex
375 1166 493 1234 justo
514 1167 760 1225 admirari,
801 1166 909 1217 hinc
947 1186 1104 1219 verum
1143 1165 1434 1238 probumque
1468 1176 1514 1218 ὃς
1544 1166 1745 1218 fortunas

87 1244 270 1315 fataque
319 1246 486 1312 negotii
520 1280 533 1302 ,
567 1244 692 1315 quod
730 1249 972 1296 tractamus
1009 1281 1022 1303 ,
1060 1246 1379 1312 recognoscere
1427 1244 1738 1313 prohibemur.

91 1324 156 1370 At
175 1320 238 1371 ibi
279 1324 324 1370 in
355 1319 545 1389 singulas
566 1319 699 1369 horas
725 1320 890 1370 licebat
922 1322 1220 1389 contemplari
1247 1354 1261 1377 ‚
1300 1336 1438 1388 quam
1462 1336 1582 1371 vane
1608 1329 1655 1372 &
1677 1324 1745 1370 in-

86 1398 269 1449 condite
286 1396 359 1448 jab
386 1395 657 1454 occidentali
689 1390 877 1463 Alpium
902 1395 1039 1444 latere
1064 1414 1088 1444 a
1113 1414 1186 1443 me
1207 1398 1396 1442 tractata
1423 1391 1588 1453 essent,
1623 1403 1669 1445 δι
1684 1396 1743 1446 ab

89 1471 300 1521 omnibus
326 1473 462 1518 etiam
479 1470 579 1518 'aliis
606 1505 618 1528 ,
657 1473 767 1539 quin
795 1479 840 1520 &
862 1489 976 1519 cum
996 1472 1194 1519 maxime
1231 1474 1525 1519 tractarentur
1556 1474 1742 1542 antiqua

86 1548 243 1615 stripta
269 1546 324 1596 ab
351 1548 554 1596 maximis
591 1546 779 1612 ingeniis
804 1545 858 1595 ad
883 1545 1189 1615 posteritatem
1216 1547 1394 1615 prodita
1427 1555 1472 1597 &
1517 1562 1741 1598 tantarum

87 1620 618 1691 impe'usarumpraefidiis
639 1638 718 1688 per
750 1639 907 1674 manus
944 1620 1098 1692 sparsa.
1236 1639 1372 1673 uanta
1412 1642 1518 1673 cura
1551 1628 1741 1674 nomino

87 1700 187 1749 illos
212 1700 303 1749 dies
328 1735 340 1757 ,
374 1699 475 1748 illos
497 1696 867 1755 festiffimos>÷djies
900 1733 913 1757 ,
948 1698 1110 1768 quibus
1145 1699 1433 1749 Herodotum
1466 1703 1584 1769 coepi
1605 1701 1742 1750 'intel-

88 1775 227 1842 ligere
251 1774 437 1824 simul&
452 1773 508 1823 ab
524 1771 664 1830 snt-illo
690 1773 879 1841 intelligi
899 1777 1095 1842 cognovi
1119 1786 1133 1823 ?
1167 1780 1212 1825 O
1238 1774 1510 1825 venerabilia
1540 1775 1617 1825 ista
1640 1795 1740 1826 mo-

90 1866 243 1898 menta
271 1886 283 1908 ,
322 1869 421 1919 quae
450 1850 562 1917 mihi
590 1849 841 1917 Polybium
868 1886 881 1907 ,
916 1852 1159 1900 Arrianum
1188 1886 1200 1909 ‚
1235 1852 1461 1901 AEliauum
1487 1887 1499 1909 ,
1536 1855 1737 1902 Dionem

84 1924 298 1981 ‘Caffium
313 1941 581 1995 aperuerunt
604 1965 619 1987 ,
658 1943 773 1996 quos
799 1924 1010 1974 omnibus
1030 1927 1126 1975 aliis
1150 1927 1319 1977 clausos
1342 1944 1502 1976 noram
1524 1930 1533 1975 ἱ
1574 1930 1736 1996 Qam

87 1999 239 2060 fausta:
256 2000 351 2060 ‚illae
373 2000 495 2061 horae
512 2037 524 2059 ‚
558 2001 721 2072 quibus
745 2005 923 2059 AEneae‚
961 2004 1195 2064 Hierocli‚
1235 2005 1525 2054 Artemidoro
1550 2022 1738 2073 operam

17 2115 19 2117 .
88 2075 193 2125 dare
203 2132 212 2149 ,ἢ
222 2079 348 2146 potui
379 2112 392 2134 ,
424 2093 475 2138 ut
493 2077 609 2147 ipsos
628 2094 780 2148 aperte
806 2077 940 2148 plana
959 2096 1071 2129 voce
1094 2079 1436 2130 sermocinantes
1461 2079 1737 2130 narrantesve

88 2151 335 2215 audirem?-
371 2154 515 2215 Tun'c,
537 2152 651 2205 mihi
678 2154 733 2204 ad
764 2153 987 2224 liquidum
1015 2155 1156 2205 dulcis
1205 2155 1283 2206 fui.
1343 2160 1482 2208 Tunc
1504 2157 1739 2226 imaginari

739 2233 749 2238 “
1127 2235 1154 2262 ἳθ
1189 2233 1215 2261 *—
