2007 2658
587 71 694 113 AD
759 69 1296 115 LECTOREM.

106 167 213 210 Verbis
235 162 396 204 Affiffiiani
415 157 588 199 Marcellini
611 168 698 194 erant
719 156 847 198 inserta,
876 157 997 194 duobus
1017 159 1136 194 uncinis
1158 161 1284 200 inclusi,
1314 164 1433 210 quoties
1444 166 1474 201 in
1486 168 1589 214 priscis
1602 171 1758 208 codicibug

106 220 218 268 scripta
228 229 294 254 non
303 212 536 261 reperiebantur.
560 209 667 246 Notas
678 207 777 244 fratris
788 206 973 257 posteriores
995 208 1011 243 a
1035 209 1186 258 prioribus
1204 210 1348 251 distinxi,
1375 224 1409 247 ac
1431 213 1548 252 duobus
1558 218 1699 255 asteriscis
1710 222 1758 257 in-

106 269 199 308 clusi,
219 276 258 302 iut
271 274 388 299 omnes
407 259 614 310 intelligerent
634 271 671 294 ac
691 258 832 295 viderent
851 270 918 308 quae
940 257 1010 307 post
1020 259 1136 294 editum
1149 261 1355 296 Ammianum
1367 274 1451 297 nova
1461 264 1695 310 observavisset,
1722 284 1757 306 ac

106 318 209 357 Notis
217 313 273 350 suis
282 310 447 358 adjeciflet.
473 309 590 347 Addidi
609 311 643 344 δε
663 306 772 344 inserui
790 306 853 356 ipse
873 321 940 344 non
965 307 1035 344 raro
1048 308 1265 344 adnotationes
1275 322 1310 344 ac
1321 310 1549 349 observationes
1563 327 1666 357 meas,
1679 333 1758 366 quo.

106 366 290 412 tiescumque
299 361 391 399 verba
401 358 550 396 Historici
560 357 655 394 nostri
666 358 905 406 explicationem
919 357 1070 405 postulare
1091 358 1272 395 videbantur
1284 382 1294 398 ‚
1314 362 1347 394 &
1360 362 1478 408 quoties
1490 363 1608 399 codicis
1621 367 1757 402 Colber-

106 416 159 452 tini
170 437 180 454 ‚
205 412 244 447 de
263 425 326 460 quo
346 409 426 446 infra
454 410 538 456 plura
557 408 692 443 die'curus
703 408 767 442 sum
779 430 789 446 ‚
818 408 980 443 &codicis
992 408 1173 448 Valentini,
1198 420 1237 442 ex
1249 421 1311 456 quo
1322 409 1417 445 varias
1430 411 1578 446 lectiones
1590 417 1626 450 P.
1640 415 1757 451 Pithoei

101 476 196 500 manu
207 470 328 496 notatas
341 459 421 508 legi,
435 459 525 493 aliam
537 458 569 493 in
578 457 760 492 sententiam
771 468 822 491 me
833 456 972 492 trahebat
984 457 1163 497 austoritas,
1176 456 1321 502 Ejusdem
1335 458 1449 492 codicis
1463 460 1638 496 Colbertini
1649 463 1758 511 paffim

100 511 296 547 mentionem
316 507 396 548 feci,
418 507 541 556 quoties
561 520 634 542 cum
653 506 719 541 aliis
737 505 895 541 codicibus
917 506 1142 547 conveniebat,
1169 516 1220 541 aut
1237 505 1335 542 fratris
1347 508 1408 542 mei
1418 508 1672 546 emendationem
1683 513 1757 561 opi-

99 561 291 607 nionemque
308 557 547 605 comprobabat.
576 558 738 591 Notarum
760 568 898 590 mearum
926 568 994 603 pars
1012 555 1075 594 est,
1103 554 1282 603 disceptatio
1292 555 1331 591 de
1341 556 1529 594 Hebdomo.
1557 559 1599 593 Et
1609 562 1757 603 quoniam

93 622 166 646 ,mea
181 605 344 643 {fraternis
354 605 550 641 discernenda
561 614 667 645 erant,
689 617 728 639 ne
750 603 768 639 ἆ
788 603 962 653 legentibus
982 603 1263 647 confunderentur3
1289 618 1325 640 ea
1337 605 1455 641 duobus
1465 606 1584 642 uncinis
1593 607 1756 657 diligenter

96 656 217 695 inclufi.
241 659 350 704 Itaque
369 654 511 703 quidquid
534 654 566 688 in
586 654 685 689 Notis
707 653 826 688 duobus
849 653 969 688 uncinis
989 653 1155 697 clauditur,
1185 667 1290 690 meum
1300 653 1354 690 est.
1382 656 1557 691 Ammiano
1568 658 1756 694 Marcellino

93 705 236 753 'subjunxi
248 705 286 740 de
295 704 490 740 'Constantio
503 702 627 737 Chloro
638 731 646 743 ,
677 702 715 737 de
734 700 946 737 Constantino
968 701 1090 751 Magno
1101 704 1136 739 &
1147 704 1211 739 aliis
1230 704 1474 751 Imperatoribus
1486 707 1642 754 Excerpta
1654 716 1757 742 vetera

98 755 246 793 Auctoris
256 754 380 803 ignoti,
403 757 485 788 &ex
496 751 579 787 libris
594 751 827 786 chronicorum
841 750 879 785 de
889 750 1038 786 Odoacre
1058 755 1091 787 &
1115 752 1317 789 Theoderico
1337 754 1476 803 Regibus
1498 755 1595 790 Italiae
1606 757 1757 792 nonnulla

91 805 205 854 *magni
215 803 350 848 facienda
360 824 370 840 ‚
397 813 464 850 quae
477 799 617 836 Valesius
642 799 658 834 ἆ
683 803 728 836 V.
743 801 795 836 Cl.
814 802 880 846 Jac.
893 800 1061 836 Sirmundo
1072 802 1175 838 amico
1184 803 1237 838 {uo
1249 813 1428 851 acceperat,
1449 816 1483 839 ac
1494 804 1578 839 notis
1588 803 1756 841 illustrave-

90 864 152 890 ›rat.
179 850 442 896 AdjeciIndicem
456 862 556 886 return
567 850 839 888 memorabilium,
863 863 930 899 quae
941 849 1103 885 Ammiani
1124 852 1299 888 Marcellini
1317 852 1422 892 libris,
1444 852 1585 901 notisque
1606 852 1707 888 fratris
1720 866 1756 890 ac

89 902 173 939 ‘meis
184 900 383 936 continentur
393 925 403 941 ‚
431 900 528 949 quam
539 898 676 934 maxima
691 899 776 946 potui
788 898 859 933 cura
879 899 1096 950 diligentiaque
1109 900 1288 937 confectum
1300 929 1309 943 ,
1331 902 1441 937 cuneta
1452 901 1488 938 ad
1499 901 1670 939 Historiam
1683 904 1758 948 Ro-¹

91 963 222 988 ¹mariam
240 959 331 998 atque
353 950 389 986 ad
410 948 586 984 doetrinam
612 948 794 996 pertinentia
813 950 1030 996 complexum.
1081 950 1179 986 Nuda
1207 951 1291 987 enim
1322 951 1453 987 nomina
1487 952 1717 1000 provinciarum
1740 973 1753 991 s

88 1000 214 1044 jurbium
237 1001 272 1034 δι
290 999 456 1039 locorum,
484 1008 573 1046 atque
596 996 798 1047 quarumlibet
819 997 1005 1047 dignitatum
1018 1022 1027 1039 ‚
1055 1001 1086 1034 &
1108 1002 1252 1047 exempla
1263 1013 1300 1035 ex
1312 1001 1493 1048 antiquitate
1503 1001 1618 1049 petita,
1632 1013 1668 1036 ac
1678 1000 1753 1037 Phi·

87 1048 299 1097 losophorum
322 1048 360 1084 de
374 1061 474 1084 rernm
487 1057 612 1087 natura,
639 1059 674 1082 ac
687 1047 725 1081 de
739 1046 897 1088 moribuS,
928 1047 1175 1095 Theologorum
1194 1050 1233 1084 de
1253 1049 1326 1084 Diis
1339 1049 1496 1086 Gentium
1515 1050 1626 1098 placita
1644 1050 1677 1084 in
1699 1053 1756 1087 In·-

85 1097 161 1133 ·dice
183 1107 291 1132 notare
309 1097 401 1132 inuile
420 1110 455 1132 ac
474 1094 693 1145 supervacuum
720 1095 904 1134 existimavi.
954 1097 1123 1134 Fridericus
1151 1098 1402 1148 Lindenbrogius
1432 1098 1504 1146 post
1533 1098 1649 1134 editum
1670 1101 1757 1134 Am-‘

86 1147 229 1183 mianum
252 1145 327 1180 vixit
346 1145 432 1181 annis
459 1147 527 1193 plus
540 1145 644 1181 minus
667 1146 816 1195 triginta:
845 1159 908 1194 quo
933 1156 1003 1182 toto
1028 1149 1178 1196 temporis
1199 1147 1297 1196 spatio
1316 1160 1384 1183 non
1409 1147 1524 1183 oblitus
1546 1147 1621 1182 tanti
1643 1146 1755 1183 Histo-

88 1195 148 1232 vrici
167 1221 180 1237 ‚
209 1193 266 1229 suis
293 1193 573 1231 Observationibus
587 1194 855 1243 plurima-adjecit:
882 1207 949 1243 quae
970 1209 1009 1231 ex
1032 1198 1108 1233 urbe
1119 1197 1360 1247 Hammaburgo
1381 1196 1416 1231 ad
1429 1209 1481 1232 me
1493 1195 1597 1238 milia,
1626 1196 1755 1244 corpori

85 1245 156 1289 <ejus
167 1242 432 1280 Observationum
445 1244 587 1290 adjunxi,
614 1256 648 1279 ac
658 1242 715 1279 suis
727 1256 854 1293 quaeque
863 1245 942 1279 locis
951 1243 1071 1283 inserui.
1097 1247 1237 1282 Cunetas
1256 1245 1326 1281 istas
1340 1243 1529 1282 acceffiones
1541 1245 1661 1281 duobus
1672 1245 1753 1280 aste-

87 1292 174 1330 riscis
198 1292 313 1328 medias
334 1292 521 1342 interposui,
548 1302 581 1328 ut
602 1293 620 1328 a
642 1293 793 1342 prioribus
818 1291 1097 1331 observationibus
1112 1294 1328 1344 separarentur.
1382 1294 1499 1329 Addita
1517 1293 1585 1329 sunt
1607 1295 1644 1330 δε
1661 1293 1753 1343 ipsius

89 1343 297 1378 collectanea
309 1342 471 1378 Variarum
481 1342 686 1379 Lthionum.
713 1343 870 1377 Antonius
897 1343 1032 1378 Oiselius
1051 1367 1061 1384 ‚
1089 1344 1240 1379 Loisellus
1253 1345 1318 1378 aliis
1328 1343 1452 1382 dietus,
1479 1342 1669 1382 virdostus‚
1695 1355 1752 1378 co-

92 1391 194 1428 dicem
214 1391 381 1439 quemdam
404 1391 565 1426 Ammiani
580 1393 630 1426 M.
643 1391 797 1426 Valentiae
816 1393 1055 1438 Segalaunorum
1069 1393 1246 1432 evolverat,
1275 1391 1352 1425 cum
1362 1391 1403 1424 ibi
1415 1402 1498 1424 anno
1509 1401 1548 1425 M.
1560 1401 1665 1426 ιλιι.
1696 1389 1751 1426 sub

94 1438 227 1484 Cujacio
240 1437 411 1473 professore
419 1440 473 1484 Jus
486 1438 591 1472 Civile
603 1436 751 1473 disceret.-
776 1437 858 1472 ficuti
871 1443 977 1473 Petrus
988 1440 1152 1476 Pithoeus,
1182 1438 1306 1481 Cujacii
1328 1449 1453 1485 quoque
1473 1437 1613 1477 auditor,
1639 1437 1752 1475 eadem

90 1489 125 1523 in
139 1487 211 1522 urbe
221 1497 304 1521 anno
312 1497 351 1525 Μ,
364 1498 398 1522 D.
407 1494 474 1521 ‘Lv1
485 1497 535 1522 11.
557 1497 595 1520 ex
604 1486 718 1520 eodem
729 1485 838 1518 codice
845 1485 940 1520 varias
950 1484 1101 1521 lectiones
1111 1484 1302 1533 excerpserat
1312 1509 1323 1525 ,
1343 1485 1380 1522 8<
1391 1486 1422 1520 in
1435 1486 1574 1535 margine
1586 1488 1752 1524 Ammiani

89 1536 134 1571 *sui
147 1558 157 1574 ,
186 1532 330 1582 Lugduni
341 1546 424 1568 anno
436 1546 474 1570 M.
488 1545 520 1568 D.
540 1545 579 1569 Lx
590 1546 616 1568 r.
646 1533 663 1567 ὲ
675 1531 822 1579 Gryphio
833 1533 968 1581 vulgati,
997 1547 1091 1569 manu
1103 1534 1151 1569 sua
1161 1534 1383 1571 adnotaverat.-
1417 1548 1490 1583 quas
1501 1535 1577 1570 mihi
1590 1535 1749 1572 beneficio

53 1620 58 1623 ,
90 1587 137 1620 V.
153 1583 206 1619 Cl.
219 1582 305 1618 Fauri
323 1582 479 1618 Doctoris
497 1582 658 1630 Theologi
679 1581 810 1616 nancisci
831 1582 974 1630 contigit.
1000 1585 1098 1618 Hunc
1120 1583 1262 1619 codicem
1294 1583 1459 1620 Ammiani
1470 1585 1519 1621 M.
1533 1585 1583 1633 qui
1598 1586 1747 1621 Antonio

51 1641 54 1642 ’
92 1631 215 1669 Oiselio
224 1632 259 1667 &
271 1635 364 1666 Petro
379 1631 508 1666 Pithoeo
519 1632 673 1666 Valentiae
686 1643 804 1678 magno
814 1629 875 1664 usui
883 1628 940 1664 fuit
949 1653 959 1670 ,
980 1633 1015 1668 δε
1025 1631 1126 1668 eidem
1141 1632 1271 1668 Pithoeo
1281 1645 1348 1669 non
1360 1632 1499 1669 multum
1510 1642 1620 1673 vetus,
1646 1632 1695 1670 {ed
1706 1646 1746 1669 ex

92 1679 295 1717 vetustiffimo
306 1679 471 1731 descriptus
481 1680 606 1719 dicitur,
637 1679 842 1715 Valentinum
855 1691 958 1718 voco,
986 1683 1019 1715 &
1036 1690 1102 1717 turn
1122 1682 1153 1716 in
1177 1681 1304 1728 alicujus
1322 1681 1478 1718 Valentiae
1501 1681 1750 1719 MonastetiiBi-

92 1729 246 1766 bliotheca
264 1728 412 1764 servatum
432 1727 514 1764 fuine
531 1728 685 1764 existimo.
713 1729 868 1774 Excerpta
880 1727 988 1764 Oiselii
1011 1740 1101 1778 atque
1123 1729 1261 1771 Pithoei,
1287 1740 1321 1767 ut
1341 1743 1381 1767 ex
1400 1731 1514 1767 eodem
1533 1729 1622 1767 fonte
1642 1731 1745 1767 hausta

90 1779 179 1818 sunt,
203 1776 320 1812 interse
331 1777 538 1814 consentiunt.
591 1777 700 1813 Oiselii
720 1778 859 1824 pauculas
876 1787 966 1813 notas
987 1778 1004 1812 a
1024 1779 1263 1829 Lindenbrogio
1282 1779 1447 1829 descriptas
1467 1780 1584 1828 reperi:
1610 1794 1684 1828 quas
1705 1793 1747 1816 ne

92 1828 158 1876 quis
177 1826 353 1861 desideraret
372 1850 384 1866 ,
410 1826 634 1876 Lindenbrogii
662 1825 938 1861 Observationibus
965 1826 1165 1864 subtexendas
1184 1828 1267 1866 duxi.
1301 1829 1434 1865 Librum
1459 1829 1580 1864 Claudii
1604 1829 1746 1865 Chifletii

92 1879 122 1924 J.
135 1877 176 1912 C.
187 1874 317 1923 Sequani
335 1874 374 1909 de
392 1876 465 1910 Vita
477 1881 517 1911 A.
530 1875 722 1915 Marcellini,
749 1877 783 1910 &
803 1872 938 1920 ejusdem
957 1876 1093 1913 libellum
1117 1879 1155 1913 de
1163 1877 1362 1928 dignitatibus
1373 1877 1531 1927 praecipuis
1543 1890 1651 1913 eorum
1663 1880 1748 1914 tem-¹

93 1938 205 1974 porum
226 1935 292 1972 quae
312 1921 380 1958 sunt
400 1923 437 1958 ab
448 1926 490 1961 A.
503 1925 688 1960 Marcellino
706 1922 873 1970 descripta,
900 1925 1044 1972 opuscula
1065 1927 1196 1964 minime
1217 1927 1450 1963 contemnenda
1471 1926 1635 1962 emendavi
1645 1939 1679 1962 ac
1690 1939 1741 1962 re-

87 1974 251 2024 cognovi,
274 1970 385 2019 &post
396 1972 612 2008 Praefati01iem
623 1972 720 2008 fratris
730 1972 811 2011 mei,
838 1972 984 2010 Historiae
1005 1977 1167 2013 Ammiani
1192 1975 1318 2025 praefixi.
1346 1976 1451 2012 Omni
1469 1975 1601 2024 denique
1624 1976 1744 2011 ratione

90 2035 220 2070 operam
239 2021 306 2056 dedi
318 2044 327 2059 ‚
352 2031 385 2055 ut
403 2021 506 2057 nostra
524 2022 618 2057 editio
641 2021 712 2057 esset
733 2020 997 2069 quemadmodum
1019 2025 1173 2073 postrema
1184 2027 1223 2061 fic
1236 2026 1378 2073 optima,
1401 2028 1434 2061 δέ
1447 2023 1596 2060 omnibus
1607 2025 1745 2060 numeris

93 2070 238 2107 absoluta.
294 2069 457 2105 Cbifletius
468 2070 522 2106 iste
531 2072 562 2105 in
575 2072 648 2107 Vita
659 2070 821 2105 Ammiani
833 2083 897 2105 non
919 2072 1011 2109 semel
1032 2076 1173 2111 meminit
1183 2077 1359 2112 scholiorum
1379 2075 1497 2122 suorum
1509 2096 1519 2112 ,
1544 2071 1650 2118 quibus
1670 2086 1743 2110 eum

91 2119 282 2156 Historicum
301 2131 458 2167 exponere
479 2130 606 2156 conatus
624 2130 686 2155 erat
703 2134 711 2154 ε
739 2117 787 2155 sed
808 2131 844 2154 ea
862 2131 1033 2173 numquam
1051 2124 1131 2160 edita
1151 2125 1240 2168 sunt,
1266 2136 1325 2159 nec
1345 2122 1422 2172 apud
1437 2120 1603 2157 Chifletios
1615 2121 1741 2172 usquam

89 2169 185 2206 hodie
195 2170 393 2217 reperiuntur.

138 2220 304 2255 Marcellus
316 2220 463 2303 {ponnus
474 2223 637 2255 Ponzanus
649 2221 771 2256 Comes
782 2243 792 2259 ‚
820 2219 921 2255 homo
931 2222 1122 2257 Mantuanus
1133 2235 1246 2270 genere
1259 2221 1355 2256 clarus
1368 2250 1376 2262 ‚
1405 2221 1484 2256 circa
1496 2233 1612 2256 annum
1626 2220 1744 2259 Mync.

84 2268 199 2316 scripsit
212 2267 315 2304 Diluci
340 2268 458 2303 ationes
469 2269 500 2303 in
511 2270 553 2304 T.
569 2269 693 2305 Livium
706 2296 712 2307 .
723 2271 755 2304 in
768 2270 811 2306 C.
826 2270 977 2305 Taciturn
989 2294 998 2310 ‚
1011 2271 1041 2305 in
1056 2272 1097 2308 C.
1110 2272 1292 2306 Suetonium
1304 2270 1522 2319 Tranquillum
1533 2269 1584 2309 ‚in
1601 2275 1638 2307 A.
1653 2273 1742 2306 Mar-

86 2318 232 2354 tellinum
244 2340 254 2360 ,
281 2317 354 2353 &in
366 2331 396 2355 v.
410 2317 558 2354 Historia:
571 2318 715 2367 Augustae
728 2319 917 2368 Scriptoresz
939 2333 1012 2368 quas
1024 2333 1136 2356 omnes
1148 2322 1240 2366 Janus
1252 2320 1403 2356 Gruterus
1413 2319 1454 2355 sui
1466 2319 1616 2356 Thesauri
1632 2319 1742 2355 Critici

1191 2373 1294 2412 (αι)
