2007 2658
444 91 782 137 AMMIAN1
812 89 1155 133 MARCELL
1174 92 1295 135 1N1.

52 190 221 228 'summimus
241 183 415 235 apparebit:
449 183 494 218 uia
504 180 599 219 mecei
610 178 777 215 neceffitati
794 178 824 215 se
843 179 1002 218 devinxit,
1024 178 1073 214 {ed
1087 178 1214 215 liberius
1227 189 1262 214 ac
1281 176 1409 216 solutius
1426 181 1534 221 fertur:
1558 184 1611 221 Sin
1622 187 1701 222 ver&

52 239 208 277 Historias
220 234 363 272 Historiis
373 245 432 268 con
446 243 566 267 eramus
574 258 583 272 ‚
606 240 696 265 tanto
707 228 800 264 artior
810 229 866 264 erit
875 230 1064 264 Marcellinus
1079 230 1177 263 Tacito
1189 253 1199 270 ‚
1223 238 1339 276 quanto
1349 229 1400 265 hic
1411 243 1576 278 paucorum
1589 235 1702 270 menfi-

54 301 109 324 um
121 301 168 324 res
179 285 276 336 gestas
290 281 420 331 pluribus
430 280 531 323 libris3
544 280 596 314 ille
605 291 758 315 annorum
769 278 886 328 aliquot
895 291 960 313 uno
979 276 1116 325 singulari
1132 277 1364 324 compleffitur,
1390 282 1427 314 In
1440 278 1610 317 universum
1623 285 1702 321 inter

58 340 192 374 Tacitum
204 337 236 370 &
247 332 448 370 ammianum,
461 338 493 364 ut
505 339 604 364 cetera
615 328 761 364 omittam
773 351 784 369 ,
804 337 923 364 tantum
936 325 1077 368 interest;
1104 336 1251 375 quantum
1262 371 1266 374 η
1276 326 1355 361 inter
1374 330 1498 363 Atticos
1510 352 1521 369 ,
1542 332 1572 363 ἃ
1588 334 1702 378 Afianos

58 389 199 422 Rhetores.
226 380 316 416 Adeo
329 378 433 415 noster
446 379 501 415 illo
511 378 555 414 est
564 378 711 413 tumidior
720 390 754 413 ac
768 377 905 412 inflatior
915 400 923 416 ‚
951 379 983 411 &
996 375 1041 410 cui
1054 377 1148 410 multa
1168 374 1323 410 detrahas:
1339 374 1412 410 cum
1423 376 1465 410 illi
1484 387 1516 411 ut
1528 377 1602 413 nibil
1614 381 1679 415 addi
1691 406 1702 422 ,

57 435 99 470 sic
108 441 164 468 nec
175 430 237 464 fine
247 430 381 477 periculo
395 428 502 463 deduci
515 427 618 475 possit.
648 427 702 462 Est
713 427 798 462 enim
817 427 913 475 aliqua
927 438 962 460 ex
986 435 1069 472 parte
1086 427 1269 460 Marcellinus
1287 423 1633 472 reprebeiifionibusillis
1645 430 1705 464 ob„

53 481 162 518 noxius
172 502 182 518 ‚
203 478 276 512 dum
297 476 457 525 constantii
466 478 562 512 Urbis
580 477 743 526 ingressum
766 489 801 511 ac
812 488 963 524 pompam
975 497 985 513 ‚
997 473 1079 522 signa
1090 474 1226 508 militaria
1236 472 1285 508 seu
1296 474 1429 507 dracones
1441 472 1589 509 describit:
1607 476 1623 502 k
1636 479 1704 522 qui-

47 530 109 565 .bus
119 527 160 562 sui
171 525 319 574 temporis
332 525 525 560 Historicum
540 535 629 560 notat
646 528 798 561 Lucianus.
824 525 974 573 Denique
986 536 1050 557 non
1073 521 1274 557 dubitaverim
1288 520 1428 569 superflui
1440 521 1514 557 vitio
1527 521 1556 556 in
1569 535 1606 557 eo
1620 523 1704 560 Mar-

50 579 184 613 cellinum
205 587 329 624 arguere
340 598 350 614 ‚
369 574 454 624 quod
477 575 551 609 cum
573 575 678 622 populi
697 575 801 609 Rom.
826 574 897 609 vitia
912 601 921 614 ,
949 576 981 607 δε
1003 584 1105 606 curam
1129 572 1261 605 nimiam
1282 569 1450 618 spadonum
1470 569 1617 620 castigans
1629 601 1638 614 ‚
1667 574 1704 609 de

53 624 253 661 Semiramide
262 624 362 659 sobrie
376 623 492 659 dixisset
503 637 514 662 ε
526 623 532 649 ¹
544 625 612 667 Qae
623 633 732 658 teneros
743 634 837 657 mares
846 621 985 667 castravit
996 623 1122 656 omnium
1130 622 1226 666 prima
1237 642 1246 658 ,
1268 621 1348 655 velut
1358 621 1416 655 vim
1427 619 1564 666 injec‘ians
1575 631 1681 655 πετηνά
1695 637 1705 664 ;

50 674 153 710 intulit
163 684 266 708 tamen
280 687 287 707 :
300 675 369 719 Qae
385 676 460 707 inter
470 673 533 722 ipsa
543 674 656 707 oriundi
667 673 821 718 crepundia
827 682 880 716 per
890 672 1072 718 primigenios
1080 669 1105 715 s
1100 671 1197 703 eminis
1202 668 1311 713 fontes,
1323 670 1412 702 tacita
1425 670 1631 714 quodammodo
1644 671 1706 716 Iege

55 723 303 770 viaspropagandae
313 722 481 769 posteritati}
492 721 619 767 ostendit.
648 723 734 754 Nam
747 716 889 767 quorsum
900 729 963 753 erat
975 718 1021 751 his
1031 730 1109 765 opus
1123 720 1135 750 ?
1158 729 1222 764 quae
1236 716 1436 764 proculdubio
1461 717 1575 752 melius
1597 718 1707 754 reticu-

53 771 120 808 isset
131 771 253 806 Austor
265 798 274 812 ‚
294 773 327 804 &
339 770 502 806 verborum
515 769 649 803 inanium
662 769 781 802 turbam
794 766 982 814 repressisset.
1010 769 1055 800 At
1067 764 1142 801 vero
1156 766 1208 801 lib.
1237 777 1316 800 xxxx
1325 777 1353 802 1.
1368 765 1399 799 in
1410 765 1598 813 deploranda
1612 767 1708 802 Thra-

49 823 165 858 ciarum
177 819 346 855 vastatione
355 819 404 852 illa
417 819 561 852 Fortunae
585 817 740 851 adlocutio
753 839 763 856 ‚
790 830 882 864 quarn
897 829 954 863 pro
964 816 1100 864 ingenuo
1112 837 1122 852 ‚
1148 816 1250 862 paullo
1258 813 1333 851 ante
1355 813 1450 849 divite
1461 817 1494 849 &
1515 814 1612 850 libero
1620 814 1710 850 insti-·

55 869 130 910 tuit,
158 869 207 917 qui
217 867 391 913 belluaeritu
403 866 574 901 trahebatur
586 865 602 898 ἒι
617 865 735 901 Gothis
748 880 757 906 ;
785 877 892 899 nonne
903 874 967 899 tota
978 863 1201 911 supervacanea
1211 862 1254 898 est
1265 891 1275 904 ,
1306 863 1523 898 &luxuriantis
1533 863 1648 912 ingenii
1659 867 1709 899 αι’-ἐ

48 940 51 942 -
78 917 262 953 umentum?
288 917 377 950 Nam
389 915 427 950 de
447 917 572 961 ingenuia
585 927 619 948 ac
637 915 772 949 nobilibus
791 914 894 948 traetis
906 937 916 952 ‚
938 913 1040 961 paullo
1058 910 1209 947 antefatis
1232 912 1366 947 dixerat:
1387 924 1445 946 nec
1462 911 1568 960 potest
1587 911 1708 949 1..εᾶοτ

51 931 192 1014 suspicari
204 964 409 999 calamitatem
421 965 484 1009 ejus
495 966 609 1010 ingenui
627 974 653 991 m
674 963 819 998 eximiam
831 987 841 1002 ‚
861 964 947 1008 cujus
958 974 1089 1003 nomen,
1103 964 1135 995 δε.
1150 962 1283 1009 generis,
1295 974 1330 996 ac
1341 959 1459 995 domus
1468 960 1618 996 vocabula
1635 962 1710 997 reti-

51 1024 116 1051 cet.
129 1014 232 1063 Magis
251 1025 328 1061 ergo
340 1016 467 1062 poetam
478 1041 486 1054 ‚
510 1015 548 1047 -&
560 1012 801 1047 declamatorem
820 1013 920 1047 levem
932 1034 942 1049 ‚
964 1010 1057 1060 quim
1070 1008 1261 1044 :Historicum
1283 1020 1356 1044 tunc
1368 1022 1457 1057 agere
1467 1009 1598 1046 videtur.
1624 1012 1663 1046 In
1674 1022 1708 1045 e-

51 1063 187 1110 ‹jusmodi
198 1075 268 1097 cum
278 1063 414 1097 Fortuna
427 1059 722 1109 expostulationibus
731 1084 742 1101 ‚
760 1060 834 1096 &in
846 1061 900 1094 illo
912 1061 994 1107 tropi
1004 1071 1117 1108 genere
1126 1058 1262 1093 nimium
1275 1058 1328 1093 sibi
1343 1059 1443 1105 placet
1453 1059 1653 1094 Marcellinus:
1676 1059 1709 1094 id

50 1109 379 1159 enimusurpaffeeum
391 1110 468 1145 iniis
481 1123 558 1157 quos
568 1109 694 1145 terimus
717 1110 798 1145 libris
815 1108 1075 1151 observavi3alibi
1088 1106 1172 1142 certe
1193 1107 1398 1147 tolerabilius,
1419 1106 1474 1141 illo
1483 1108 1557 1141 loco
1567 1105 1636 1141 satis
1648 1107 1711 1150 itri—⁴

54 1159 201 1209 portune.
224 1161 303 1194 Hoc
314 1172 378 1194 uno
385 1168 478 1207 atque
487 1160 582 1194 altero
592 1170 775 1208 argumento
785 1157 912 1193 sufficiat
923 1156 1085 1192 ostendisse
1093 1180 1104 1195 ,
1119 1156 1267 1192 Graecam
1279 1155 1447 1191 vanitatem
1457 1155 1590 1194 etiamin
1600 1155 1710 1191 nostro

29 1230 33 1233 ,
53 1211 209 1246 Ammiano
219 1208 381 1257 aliquando
390 1209 519 1244 elucere.
544 1210 625 1258 Qae
636 1210 704 1243 loca
725 1207 872 1243 Historiae
884 1206 1059 1245 conditori,
1081 1206 1126 1241 cui
1138 1205 1216 1240 inter
1240 1214 1359 1239 ceteros
1379 1203 1493 1252 ingenii
1517 1204 1658 1245 libertas,
1674 1207 1710 1240 &

52 1257 114 1295 stili
123 1257 308 1306 indulgentia
320 1257 470 1306 denegata
482 1255 544 1298 est,
560 1257 696 1292 notanda
705 1280 716 1296 ‚
736 1255 957 1292 nonimitanda
969 1254 1122 1299 exstim03
1144 1253 1220 1290 cum
1243 1252 1407 1303 praesertim
1417 1253 1510 1288 bonis
1530 1253 1594 1289 aliis
1605 1254 1712 1301 multis

54 1307 125 1344 leve
139 1307 200 1342 hoc
210 1306 358 1342 damnum
370 1307 402 1341 in
419 1307 482 1341 boc
504 1305 820 1354 Scriptorepensetur.

104 1357 187 1391 Rara
197 1355 241 1390 est
254 1364 355 1391 autem
367 1355 445 1402 apud
465 1364 585 1390 veteres
605 1355 767 1390 Ammiani
786 1354 927 1393 mentio,
939 1353 1007 1401 quia
1019 1352 1120 1387 statim
1141 1351 1210 1400 post
1235 1351 1419 1399 Theodofium
1439 1349 1520 1398 lapsa
1541 1347 1712 1388 fuitRon'iJ

56 1404 183 1451 Imperii
192 1402 332 1448 majestas
343 1431 351 1444 ,
376 1406 411 1437 &
433 1403 605 1437 maluerunt
625 1402 738 1450 posteri
759 1403 927 1438 ‘redivivam
949 1403 1012 1447 ejus
1038 1401 1223 1434 memoriam
1246 1399 1413 1433 excitantes
1424 1421 1434 1437 ,
1456 1399 1662 1445 epitomarum
1672 1411 1709 1433 ac

58 1452 284 1488 defloratorum
298 1451 483 1486 colleetores
493 1449 597 1485 sectari
608 1472 618 1489 ‚
642 1451 738 1498 quim
753 1451 831 1487 vivae
844 1450 990 1485 I-listoriae
1002 1449 1190 1483 conditores.
1216 1446 1330 1494 Eo'que
1342 1449 1448 1482 Paulus
1468 1448 1619 1486 Diaconus,
1631 1446 1709 1483 cum

56 1500 307 1549 supplementum
318 1501 447 1545 Eutropii
458 1511 495 1532 ex
507 1498 562 1532 illo
574 1499 765 1544 Scriptorum
776 1510 870 1546 grege
881 1495 1069 1534 confecisset,
1081 1498 1266 1530 Anmiianum
1280 1507 1344 1528 non
1355 1495 1466 1543 attigit.·
1479 1495 1595 1542 Repeti
1606 1504 1711 1532 tamen

56 1562 152 1585 unum
163 1548 310 1596 singulare
321 1547 484 1582 Marcellini
494 1545 704 1581 testimonium
716 1558 753 1580 ex
765 1547 845 1581 libro
857 1557 891 1580 x1
900 1559 930 1581 v·
941 1545 1019 1592 apud
1032 1542 1219 1579 Priscianum
1240 1544 1271 1578 in
1290 1542 1371 1578 libro
1392 1558 1422 1578 x.
1440 1543 1525 1587 cujus
1541 1546 1571 1577 in
1592 1546 1709 1580 scholiis

58 1596 198 1633 memini.
220 1598 265 1631 At
275 1595 350 1631 veno
371 1597 470 1643 Julius
483 1597 593 1630 solinus
614 1597 829 1630 Grammaticus
851 1603 863 1637 (
875 1607 946 1629 nam
968 1593 1008 1628 fic
1024 1593 1044 1627 Ξι
1065 1592 1219 1628 Prisciano
1232 1593 1262 1626 in
1275 1605 1320 1628 vt.
1344 1592 1423 1627 libro
1435 1593 1623 1640 appellatur)
1650 1594 1711 1627 mi-

57 1645 181 1681 scellam
192 1644 273 1680 suam
284 1643 455 1679 Historiam
465 1643 558 1678 etiam
569 1656 606 1678 ex
620 1643 681 1678 hoc
692 1643 799 1678 nostro
810 1643 949 1678 Aufi‘ore
960 1641 1106 1677 confecit:
1118 1642 1134 1676 ὲ
1145 1655 1208 1689 quo
1218 1640 1339 1688 sumpsit
1352 1653 1417 1689 quae
1428 1641 1467 1675 de
1489 1641 1577 1676 rebus
1590 1642 1711 1690 AEgya

59 1694 150 1743 latiis,
182 1694 220 1728 de
231 1693 315 1729 ostiis
326 1693 484 1731 Danubii,
502 1692 544 1727 ,de
557 1692 724 1741 margaritis
735 1702 965 1727 commemorat
989 1691 1076 1727 variis
1090 1690 1251 1738 capitibus,
1273 1691 1316 1724 Et
1327 1702 1510 1739 quamquam
1524 1691 1612 1724 locos
1630 1690 1711 1725 inte-

57 1756 134 1791 gros
145 1742 295 1782 invertat,
321 1755 355 1777 ac
367 1742 525 1777 aemuletur
537 1740 642 1789 potius
655 1764 665 1781 ‚
687 1741 783 1789 quem
795 1740 941 1776 exscribat
954 1756 962 1775 :
975 1739 1052 1788 saePe
1063 1750 1168 1774 tamen
1179 1741 1300 1773 elucent
1313 1739 1435 1786 propria
1447 1741 1593 1775 Ammiani
1605 1738 1714 1777 verba.x

59 1794 150 1828 Nam
161 1792 301 1827 Solinum
312 1791 478 1826 Marcellino
488 1790 640 1835 juniorem
651 1813 661 1829 ‚
673 1790 746 1824 licet
758 1790 994 1825 reclamantibus
1015 1790 1077 1824 aliis
1089 1812 1099 1829 ,
1125 1789 1173 1835 qui
1185 1788 1311 1822 meliora
1329 1797 1472 1835 tempora
1490 1788 1516 1822 ei
1531 1786 1688 1836 adsignant
1699 1816 1711 1832 ‚

2 1881 6 1884 ⁴
59 1839 184 1875 firmare
193 1839 305 1882 aufim;
327 1838 402 1879 cum
425 1838 467 1874 ob
485 1851 553 1874 earn
566 1837 685 1874 causam
698 1863 709 1879 ‚
730 1849 794 1873 tum
807 1838 893 1887 quod
906 1838 1144 1873 Collectaneum
1155 1836 1247 1875 illud,
1270 1835 1330 1872 five
1341 1849 1409 1874 res,
1432 1836 1492 1872 five
1512 1835 1652 1870 ordinem
1664 1849 1715 1870 re.

61 1888 168 1936 spicias
182 1916 191 1930 ‚
205 1888 278 1922 nihil
290 1888 418 1935 dignum
430 1888 621 1934 temporibus
632 1888 690 1922 illis
702 1888 810 1936 quibus
821 1888 942 1922 Solinus
956 1886 1059 1921 vixiss'e
1070 1897 1199 1934 putatur,
1213 1885 1370 1920 contineat
1381 1900 1390 1927 3
1414 1884 1430 1919 ὲ
1442 1898 1503 1933 quo
1515 1897 1586 1919 meo
1596 1884 1711 1930 judicio

61 1937 243 1973 Marcellinus
255 1936 329 1971 nihil
339 1934 456 1971 sumere
475 1936 594 1983 potuit,
617 1935 858 1985 cumgraviores
878 1937 1033 1971 Auecores
1054 1934 1212 1984 sequatur,
1232 1947 1296 1968 non
1314 1933 1515 1968 defloratores
1526 1932 1711 1978 hujusmodi.

61 1985 120 2021 Sed
133 1986 208 2020 &in
219 1983 283 2020 fine
292 1985 408 2020 codicis
427 1984 595 2034 perantiqui
610 1985 765 2020 invenitur
782 1984 948 2033 descriptus
963 1986 1106 2032 Theodofii
1125 1982 1313 2018 inviffiffimi
1325 1982 1474 2030 Principis
1496 1981 1708 2029 temporibus:

60 2046 129 2083 quae
140 2032 294 2082 inscriptio
304 2033 442 2081 primum
462 2034 538 2068 licet
556 2035 705 2083 integrior
724 2047 797 2069 cum
816 2034 895 2070 libro
915 2033 1066 2083 publicata
1078 2056 1087 2074 ‚
1109 2032 1151 2067 sic
1163 2031 1272 2068 deinde
1290 2031 1323 2066 in
1335 2030 1578 2071 aliostranssata‚
1602 2030 1711 2068 saltem

19 2112 22 2113 γ
60 2082 213 2119 indicium
221 2083 337 2131 praebet
350 2081 472 2132 quando
482 2081 557 2118 liber
566 2082 652 2119 fuerit
661 2083 770 2119 editus.

107 2129 255 2181 ‚Qiatuor
265 2132 399 2167 omnino
409 2130 477 2166 sunt
505 2131 557 2174 (in
571 2134 670 2180 plures
680 2133 762 2167 enirn
775 2145 840 2167 non
850 2131 982 2171 incurri)
1013 2131 1174 2168 Ammiani
1195 2129 1368 2167 Marcellini
1388 2128 1551 2164 Editiones
1562 2151 1571 2168 ‚
1583 2130 1712 2178 quarum'

62 2179 185 2231 fingulae
196 2180 270 2223 dote
281 2181 404 2229 propria
412 2193 477 2216 non
486 2191 603 2218 carent.
632 2181 734 2217 Prima
744 2180 788 2217 est
802 2183 974 2228 Mariangeli
989 2181 1108 2228 Accmfii
1120 2181 1173 2215 viri
1186 2177 1352 2214 doffiffimi
1364 2206 1373 2218 ‚
1395 2175 1495 2226 eoque
1505 2178 1643 2213 maxime
1652 2191 1714 2214 no-

63 2229 149 2266 mine
157 2231 195 2267 de
205 2230 311 2266 litteris
322 2229 443 2277 optime
454 2229 555 2265 meriti
567 2245 575 2264 :
597 2230 646 2279 qui
658 2243 735 2279 quos
745 2230 850 2266 habuit
864 2230 979 2265 debiles
999 2243 1033 2265 ac
1044 2229 1156 2263 fraecos
1168 2227 1341 2264 Marcellini
1355 2226 1449 2261 libros
1463 2248 1473 2265 ‚
1489 2226 1572 2261 bona
1584 2226 1645 2262 fide
1656 2239 1714 2275 pu-

61 2277 196 2330 blicavit.
219 2278 364 2315 Succeffit
374 2277 468 2315 fausta
475 2277 607 2328 felixque
616 2281 792 2315 frobeniana
804 2279 911 2314 Editio
922 2308 930 2320 ,
945 2279 1071 2323 ‚codicis
1083 2274 1300 2311 Hirsfeldenfis
1322 2273 1478 2311 beneficio
1487 2298 1498 2317 ,
1517 2274 1614 2311 studio
1625 2276 1717 2324 Sigis-

168 2334 190 2371 k
202 2333 260 2370 Lib,
269 2343 331 2363 xvx.
368 2334 442 2363 lLib.
451 2343 513 2373 xm.
539 2342 579 2393 jn
586 2339 722 2371 Ingenuum
729 2334 785 2362 heic
794 2345 843 2373 pro
854 2332 1015 2372 quibussibet
1023 2334 1144 2369 ingenuis
1154 2332 1221 2359 dixit
1231 2331 1394 2408 3immianus.

921 2388 928 2393 -
1170 2377 1182 2413 (
1199 2381 1216 2404 e
