2007 2658
99 95 560 169 cffiffisssgorffiffigffdffffiffi&
846 94 963 140 Llss.
980 97 1109 142 XIX.
1137 100 1222 144 CA
1233 101 1279 147 P.
1299 100 1380 146 III·
1590 119 1612 149 2
1625 117 1677 166 3¹

561 169 572 181 X

19 177 272 220 ,lio-inclinato
285 206 295 223 ‚
324 172 488 213 ferocius
499 181 618 223 quam
635 166 844 207 consultius
864 168 1122 222 pugnabatur.
1154 167 1440 226 ¹Exsurgebant
1453 175 1555 214 enim
1568 189 1680 215 ruen-

20 235 124 277 *tium
144 231 437 283 ferientiumque
456 226 639 265 clamores
663 251 676 271 ,
715 234 760 263 ut
775 237 853 277 prae
873 223 1068 263 alacritate
1089 226 1287 266 consistere
1311 228 1386 268 fine
1406 231 1561 271 vulnere
1583 231 1685 285 quis.

20 303 143 344 quam
168 290 234 330 vix
246 285 370 342 poffit.
414 280 677 334 Tandemque
699 293 779 320 nox
792 280 905 320 finem
919 280 1088 320 caedibus
1110 280 1203 320 fecit
1216 309 1228 328 ,
1257 287 1295 323 δε
1308 284 1415 324 satias
1427 300 1686 328 aerumnarum

17 344 192 386 indutias
215 342 384 397 partibus
396 338 554 379 dederat
574 338 781 391 longiores.
817 339 851 376 U
862 337 901 376 bi
911 338 1012 377 enim
1025 336 1247 388 quiescendi
1265 340 1374 378 nobis
1387 351 1540 394 tempus
1551 343 1604 382 est
1617 345 1685 384 da-

24 412 110 442 tum
123 432 141 448 ,
169 400 324 452 exiguas
336 409 422 450 quae
440 403 453 427 7
470 394 686 447 supererant
703 395 800 434 vires
812 394 1016 433 continuus
1038 406 1127 432 cum
1140 392 1324 433 insomnia
1333 395 1440 436 labor
1451 397 1659 453 absumpsit
1671 428 1685 447 ,

22 457 201 512 [anguine
212 458 250 494 δε
262 452 428 507 pallente
449 450 725 504 exspirantium
747 449 846 489 facie
857 460 1091 504 perterrente
1104 478 1116 496 ‚
1148 450 1160 473 ⁸
1175 450 1317 504 quibus
1338 465 1384 490 ne
1398 450 1571 504 suprema
1595 456 1683 509 qui-

22 500 111 574 fflem
132 509 318 550 humandi
337 507 468 548 solatia
479 508 595 547 tribui
613 505 779 546 sinebant
798 505 979 561 angustiae
991 506 1203 560 spatiorum
1216 535 1228 553 ‚
1257 509 1355 547 intra
1378 508 1545 547 civitatis
1557 512 1682 551 ambi-

22 577 104 620 tum
125 580 203 607 non
215 565 375 606 nimium
389 563 525 618 amplae
547 563 762 618 legionibus
784 561 954 617 septem,
983 567 1023 604 &
1037 562 1253 617 promiscua
1263 564 1502 604 advenarum
1524 566 1683 606 civium-

48 637 98 666 ,ue
108 621 216 663 sexus
229 620 429 675 utriusque
449 620 584 674 plebe,
613 624 652 659 ὃς
665 619 850 659 militibus
861 619 943 659 aliis
967 620 1101 673 paucis
1113 619 1285 674 adusque
1307 634 1509 660 numerum
1531 621 1684 663 milium

48 693 86 722 x.
108 679 271 720 concitis
295 676 460 718 inclusis.
493 675 728 716 Medebatur
738 689 832 729 ergo
846 675 920 715 suis
933 674 1098 729 quisque
1110 676 1328 716 vulneribus
1347 690 1418 730 pro
1431 676 1682 731 possibilitate

44 736 80 777 el
91 736 308 776 curantium
333 734 471 788 copia:
503 732 592 771 cum
607 732 770 785 quidam
793 732 959 786 graviter
971 730 1086 771 saucii
1098 745 1234 773 cruore
1253 732 1439 773 exhausto
1459 734 1614 788 spiritus
1626 748 1682 774 re-

34 793 203 834 »astantes
215 790 410 831 efflarent:
440 788 504 828 alii
514 787 680 828 confofli
696 788 946 827 mucronibus
965 794 991 811 ¹¹¹
1003 786 1203 842 prostrati,
1233 791 1366 831 animis
1389 790 1428 830 in
1444 801 1603 830 ventum
1616 790 1676 830 so-

33 848 109 890 utis
130 848 431 903 projiciebantur
449 843 645 885 exstinfi'ci:
676 844 897 898 aliquorum
919 843 1052 884 foratis
1066 845 1241 899 undique
1250 846 1430 887 membris
1449 847 1595 887 mederi
1610 861 1679 900 pe-

35 905 79 946 iti
108 904 287 945 vetabant
305 931 319 951 ,
361 916 408 941 ne
427 900 701 941 offensionibus
721 899 827 940 caffis
851 901 986 940 animae
1006 912 1237 942 vexarentur
1266 904 1434 944 adflistae
1454 918 1463 942 ε
1503 902 1680 945 nonnulli

43 959 227 1003 vellendis
239 958 386 1014 sagittis
398 958 437 999 in
445 958 606 1011 ancipiti
618 958 815 997 curatione
825 957 1002 1012 graviora
1011 968 1136 998 morte
1146 956 1599 1014 suppliciaperferebant.

25 1019 28 1061 ἐ
73 1018 113 1058 C
128 1029 155 1057 A
169 1031 203 1057 Ρ.
226 1017 303 1057 111.
336 1017 445 1056 Dum
466 1014 573 1070 apud
585 1014 769 1055 Amidam
779 1014 852 1054 hac
863 1015 1033 1069 partium
1045 1013 1298 1056 destinatione
1316 1026 1536 1071 pugnatur,
1568 1014 1679 1056 Ursi-

25 1074 123 1120 binus
143 1086 299 1114 maerens
320 1071 431 1127 quod
442 1085 490 1111 ex
500 1071 651 1112 alterius
672 1071 865 1126 pendebat
875 1071 1034 1112 arbitrio
1047 1098 1061 1119 ,
1087 1071 1326 1113 austoritatis
1343 1083 1435 1113 tunc
1456 1074 1495 1114 in
1506 1072 1678 1126 regendo

23 1125 138 1178 'Jrnilite
158 1137 168 1154 ¹
180 1130 344 1185 potioris
355 1128 598 1169 Sabinianum
613 1157 622 1173 ,
648 1129 851 1168 etiamtum
871 1127 1053 1182 sepulcris
1073 1127 1280 1168 haerentem
1303 1131 1440 1169 crebro
1463 1128 1646 1168 monebat
1662 1157 1675 1173 ,

26 1183 60 1228 'ut
78 1186 301 1240 compositis
313 1184 532 1226 velitaribus
543 1185 689 1225 cunffis
708 1212 720 1231 ,
750 1198 818 1238 per
827 1186 926 1225 imos
936 1184 1055 1239 pedes
1077 1185 1271 1224 montium
1284 1185 1449 1226 occultis
1477 1184 1676 1225 itineribus

27 1252 287 1304 properarent:
318 1241 402 1295 quo
425 1241 569 1281 levium
588 1254 783 1281 armorum
804 1241 972 1289 auxilio,
1005 1240 1032 1281 fi
1045 1255 1124 1295 qua
1146 1239 1227 1281 fors
1241 1241 1422 1295 juvisset,
1451 1240 1677 1281 stationibus

28 1299 234 1352 nterceptis
251 1325 263 1345 ,
296 1298 501 1339 not‘J’turnas
521 1296 688 1337 hostium
700 1297 1000 1352 adgrederentur
1010 1298 1194 1337 excubias
1205 1324 1218 1343 ‚
1246 1312 1335 1351 quae
1349 1299 1496 1352 ingenti
1506 1299 1674 1337 circuitu

0 1350 4 1403 ζ
42 1355 246 1396 allaverant
262 1367 392 1394 muros
407 1381 420 1401 ‚
448 1364 515 1394 aut
523 1353 820 1393 lacessitionibus
840 1355 980 1393 crebris
988 1362 1225 1407 occuparent
1236 1353 1428 1394 obsidioni
1442 1352 1595 1393 fortiter
1607 1353 1676 1392 ad-

0 1424 3 1440 ε
28 1368 208 1451 iaerentes.
237 1409 391 1462 Ql-ibus
413 1410 635 1450 Sabinianus
649 1409 880 1450 renitebatur
891 1419 934 1449 ut
945 1409 1069 1449 noxiis
1080 1436 1093 1455 ,
1123 1408 1254 1462 palam·
1262 1409 1423 1464 quidem
1443 1410 1590 1449 litteras
1600 1410 1675 1448 im-

30 1466 172 1507 ›eriales
182 1467 447 1521 praetendenS,
476 1465 622 1506 iuratio
632 1464 777 1518 ubique
788 1466 931 1512 milite,
962 1465 1162 1519 quidquid
1182 1466 1263 1519 geri
1280 1466 1489 1520 potuisset,
1520 1465 1674 1519 impleri

0 1539 3 1553 ³
28 1522 150 1564 lebete
159 1522 292 1575 aperte
294 1523 492 1575 jubentes:
525 1521 623 1560 clam
635 1521 728 1560 vero
740 1522 858 1560 corde
869 1521 1050 1561 altiilImo
1075 1521 1264 1567 retinens,
1293 1521 1393 1574 saepe
1406 1522 1445 1560 in
1457 1522 1670 1561 Comitatu

0 1611 4 1627 ,-
38 1579 77 1620 bi
87 1578 311 1619 mandatum
324 1605 342 1625 5
363 1584 381 1602 ¹²
396 1588 440 1617 ut
451 1575 744 1616 ansam-omnem
754 1575 1009 1629 adipiscendae
1021 1576 1144 1616 laudis
1157 1575 1341 1617 decessori
1351 1576 1419 1616 suo
1431 1577 1579 1617 ardenti
1593 1576 1669 1617 stu-

40 1638 79 1676 io
98 1635 230 1690 gloriae
249 1633 542 1674 circumcideret
553 1660 566 1680 ,
596 1633 711 1673 etiarn
729 1646 778 1673 ex
791 1633 894 1686 Rep.
916 1631 1188 1687 processuram.
1230 1633 1345 1673 Adeo
1366 1633 1427 1673 vel
1444 1647 1532 1673 cum
1547 1635 1670 1673 exitio

29 1662 296 1791 hovinciarum
304 1690 550 1731 festinabatur
564 1717 577 1737 ‚
604 1703 652 1730 ne
661 1689 862 1730 bellicosus
880 1689 1002 1729 homo
1025 1688 1293 1729 memorabilis·
1303 1689 1464 1743 alicujus
1482 1689 1668 1730 facinoris

0 1760 6 1800 ᾗ
60 1747 144 1788 &or
162 1747 398 1787 nuntiaretur
415 1756 481 1787 aut
499 1746 636 1787 socius.
676 1746 855 1800 Ideoque
873 1745 933 1786 his
949 1746 1138 1786 attonitus
1159 1746 1267 1786 malis
1288 1773 1300 1792 ,
1328 1747 1594 1799 exploratores
1615 1745 1667 1786 ad.

37 1817 80 1844 os
90 1803 190 1856 saepe
200 1804 390 1844 mittendo
400 1831 412 1850 ‚
444 1804 466 1858 (
475 1803 566 1843 licet
581 1803 634 1843 ob
644 1802 835 1843 custodias
847 1813 945 1843 artas
957 1802 1082 1842 nullus
1093 1800 1207 1842 facile
1224 1800 1420 1857 oppidum
1441 1813 1596 1856 poterat
1607 1805 1663 1842 in·

0 1855 8 1912 {¹
33 1858 159 1924 foire)
188 1862 227 1900 &
246 1859 354 1900 utilia
375 1860 558 1916 agitando
569 1859 771 1914 complura
790 1860 886 1901 nihil
907 1858 1139 1914 proficiens,
1169 1858 1360 1900 visebatur
1375 1870 1419 1900 ut
1442 1860 1503 1899 leo
1513 1860 1665 1915 magni-

51 1959 65 1984 7
92 1950 174 1987 steph.
198 1950 363 1987 supererant.
402 1954 417 1979 8
443 1949 489 1988 Ms.
506 1951 538 1980 de
554 1952 659 1988 quibus.
699 1961 716 1987 9
742 1953 823 1989 steph.
850 1951 1248 1988 tiumterrentiumqueclamores.
1268 1953 1359 1980 Gronr

0 1993 6 2027 ᾖ
34 1965 102 2020 liliis.
144 1996 156 2014 ι
177 1988 360 2025 Μίροῐίοῑὶε.
887 1999 914 2016 m
932 1989 1186 2025 Prfflratianimisin
1195 1994 1314 2018 ventum,
1334 1988 1413 2025 &c.]
1435 1988 1527 2021 Hujiis
1542 1987 1663 2014 locivul-

849 2035 901 2053 nus
918 2028 987 2053 texit
997 2024 1089 2061 potius
1103 2026 1185 2062 quam
1196 2025 1292 2052 sanavit
1302 2027 1330 2052 Ρ.
1342 2024 1480 2052 Castellus.
1501 2026 1540 2051 Sic
1555 2027 1660 2051 enimin

49 2057 61 2086 l
77 2059 248 2096 Exsurgebant
263 2063 360 2098 enim]
383 2062 415 2088 In
425 2060 608 2097 codiceRegio
630 2059 824 2095 [&Colberti-
849 2063 976 2090 Editione
984 2065 1067 2090 Rom.
1081 2063 1287 2090 eratexcusum:
1309 2062 1426 2097 Pristi-ari
1440 2063 1662 2088 curmmnimzsin

61 2096 191 2133 ]vlegitur
208 2107 214 2123 :
242 2097 388 2125 Exurebant
409 2101 475 2125 enim
491 2094 686 2135 terrentizimque
699 2099 824 2126 clamores·
846 2107 951 2127 ventum
959 2099 1048 2136 filutir
1062 2099 1256 2135 prajiciebantur
1268 2100 1378 2125 extinffi.
1409 2100 1506 2133 Neque
1517 2098 1591 2124 aliter·
1606 2100 1660 2124 Va-

35 2084 178 2198 {mitione
186 2135 351 2162 Rom.et1'am
360 2134 476 2171 legitur,
495 2135 825 2172 terrentibmqueclamores,
846 2137 964 2164 lentinus
979 2137 1063 2164 codex
1080 2137 1168 2164 habuit
1183 2145 1263 2172 quem
1280 2135 1410 2162 Loisellus
1427 2135 1587 2169 inspexerat,
1609 2133 1659 2168 [St.

61 2169 279 2208 deeffequidpiam
294 2171 366 2200 facile
375 2180 505 2208 appareat.
524 2172 612 2200 Placet
625 2181 731 2200 autem:
751 2175 822 2201 Exu-
847 2174 1055 2211 Colbertinus.]
1078 2175 1109 2200 In
1117 2174 1205 2202 codice
1213 2174 1298 2208 Regio
1308 2172 1588 2206 itascripruminveni,
1602 2178 1658 2205 pro-

1 2059 11 2086 ἒι

3 2104 18 2131 ᾌ,

0 2132 15 2197 Ξ

5 2214 21 2236 ¹:
53 2210 169 2236 antenim
176 2211 301 2236 ruentium
301 2208 502 2245 ferientiu'mque
509 2209 636 2237 clamores.
650 2212 692 2237 Sic
700 2212 726 2236 in
735 2218 786 2244 cap.
797 2218 822 2237 v.
841 2211 919 2248 strati
931 2220 986 2238 cum
994 2211 1053 2245 jam
1066 2213 1176 2239 animis,
1192 2207 1247 2241 &ci
1280 2208 1385 2245 [Forte
1396 2208 1659 2244 legendumprqssrati

0 2251 1 2254 ’
76 2246 126 2272 oris
136 2244 264 2273 ululabilis
279 2244 397 2274 incendio.
414 2247 498 2274 Valesl
525 2246 644 2274 Forraffe
659 2246 723 2274 nihil
738 2246 822 2277 deest,
845 2250 959 2284 coram]
980 2246 1063 2274 Vales.

4 2287 5 2291 ¹
35 2288 126 2312 ⁴>vetus
142 2282 271 2318 scriptura
285 2284 390 2312 innuit,
407 2283 505 2319 aliquas
519 2284 609 2310 literas
618 2292 678 2319 quae
688 2284 822 2320 repetide-
887 2283 900 2319 [
911 2294 929 2311 n
947 2286 983 2310 Ut
989 2284 1076 2318 anfizm
1084 2292 1178 2310 omnem
1186 2281 1344 2318 adipistmdae
1357 2280 1440 2310 laudi‘s
1447 2280 1600 2317 derefflnifico
1608 2282 1658 2307 cir*-v

37 2318 103 2356 'irent
118 2335 127 2350 ο
144 2318 310 2358 negligenter
329 2320 497 2350 intercidisse.
523 2319 671 2350 Exurebant
684 2319 822 2350 verberan-
843 2320 1016 2352 emendent]
1037 2319 1240 2349 1nColbertino
1256 2319 1345 2349 codice
1358 2319 1418 2358 lego
1433 2319 1544 2357 amplam
1552 2327 1654 2357 ommni.

38 2371 39 2381 1
