2007 2658
131 92 937 165 {aaz{wigiizussuztz‘xz’‘assius21:22ss2:
1005 100 1306 151 [mxxxi.
1322 100 1575 154 CARVII.
1616 104 1702 168 683

63 176 219 233 ignaros
241 178 444 219 obsidendi
464 177 754 232 contemplans,
784 176 913 217 reuera
933 177 987 217 ibi
1012 192 1126 219 manu
1150 179 1388 229 sufficiente,
1418 181 1520 222 abire
1544 182 1704 237 negotio

64 233 292 289 imperfe&o
303 234 414 275 suasit
426 260 438 281 ,
467 233 615 273 Pacem
626 232 704 285 fibi
724 235 885 284 effecum
887 232 1117 287 parietibus
1139 247 1375 282 memorans,
1410 235 1647 292 suadensque
1659 249 1703 278 ut

64 291 309 345 populandas
327 291 478 344 opimas
490 290 663 343 regiones
681 293 719 330 &
734 290 865 329 uberes
877 288 1018 343 absque
1032 290 1250 330 discrimine
1261 291 1356 338 ullo,
1367 304 1507 332 vacuas
1520 294 1705 345 praesidiis

63 347 265 386 etiamtum
288 345 542 385 adorirentur.
577 345 756 385 Laudato
781 345 900 398 Regis
926 344 1107 389 consilio,
1139 359 1255 398 quem
1281 348 1545 401 cogitatorum
1567 361 1706 390 norant

63 401 148 442 fore
170 401 314 442 socium
334 398 530 440 efficacem
543 427 555 447 ,
585 414 654 454 per
675 401 933 440 Thraciarum
954 400 1052 440 latus
1064 413 1178 440 omne
1187 402 1343 455 dispersi
1356 403 1470 443 caute
1479 404 1704 457 gradieban-

60 467 125 497 tur
137 483 149 504 ,
181 456 368 497 dedititiis
389 456 450 496 vel
472 457 635 510 captivis
648 457 755 496 vicos
770 455 900 495 uberes
922 455 1208 496 ostendentibus
1224 483 1237 504 ,
1267 470 1332 497 eos
1344 459 1542 512 praecipue
1553 459 1618 500 ubi
1635 460 1704 501 ali-

59 522 279 552 mentorum
290 512 446 566 reperiri
467 511 575 552 satias
596 512 816 552 dicebatur:
846 525 894 551 eo
907 512 1076 552 maxime
1086 512 1312 566 adjumento
1338 524 1476 567 praeter
1495 517 1701 569 genuinam

57 568 174 609 ereffl
193 567 378 609 fiduciam
392 596 403 613 ‚
430 567 543 622 quod
563 567 783 608 confluebat
804 566 854 607 ad
876 580 942 607 eos
964 568 1002 608 in
1023 568 1105 621 dies
1123 582 1173 609 ex
1189 568 1324 609 eadem
1343 579 1457 623 gente
1468 571 1698 619 multitudo,

57 624 210 665 dudum
233 624 255 664 a
277 624 551 664 mercatoribus
572 624 826 670 venumdati,
855 624 1012 678 adjeffis
1026 624 1201 678 plurimis
1224 637 1324 678 quos
1336 626 1464 679 primo
1477 625 1702 680 transgressu

58 681 186 720 necati
199 680 328 721 inedia
343 707 356 728 ‚
379 680 473 721 vino
483 679 573 720 exili
584 679 646 721 vel
659 680 767 734 panis
779 678 906 720 frustis
917 690 1114 720 mutavere
1125 679 1323 720 vilissimis.
1355 681 1508 734 Quibus
1520 682 1702 723 accessere

57 744 75 763 v
95 735 373 791 sequendarum
396 737 479 776 auri
497 748 679 776 venarum
699 736 814 790 periti
834 736 912 776 non
922 737 1037 790 pauci
1048 763 1061 782 ,
1092 736 1339 790 vectigalium
1372 744 1386 770 7
1407 736 1574 790 perferre
1595 739 1703 792 posse

57 805 136 834 non
156 791 385 833 sufficientes
404 791 565 834 sarcinas
591 805 745 846 graves:
777 791 1021 845 susceptique
1040 790 1174 831 libenti
1190 791 1434 832 consensione
1446 794 1674 834 cunetorum
1688 821 1702 842 ‚

57 860 202 904 magno
223 847 306 889 usui
328 847 460 888 iisdem
475 847 728 902 fuere‘ignota
741 847 1032 901 paragrantibus
1043 847 1130 888 loca
1143 875 1154 895 ,
1183 855 1200 874 Χ
1220 848 1440 888 conditoria
1459 847 1617 904 frugum
1633 864 1703 890 oc·

56 904 164 945 culta
184 909 222 947 &
245 904 406 945 latebras
427 903 630 943 hominum
649 906 689 943 &
711 902 955 956 receptacula
966 903 1168 944 secretiora
1183 903 1446 944 monstrando.
1481 906 1573 945 Nec
1588 906 1705 961 quid-

55 972 175 1014 quam
194 959 262 1000 nisi
284 958 512 1000 inaccessum
531 962 567 1000 ὃς
581 959 741 1000 devium
753 986 766 1006 ‚
795 959 1057 1013 praeeuntibus
1079 959 1211 1000 iisdem
1227 959 1363 1000 mansit
1376 960 1576 1001 intauum.
1610 962 1701 1002 Sine

54 1015 232 1057 distantia
242 1016 342 1056 enim
356 1016 478 1056 aetatis
495 1014 558 1055 vel
569 1014 678 1055 sexus
689 1042 701 1062 ,
731 1015 901 1055 caedibus
914 1016 1259 1070 incendiorumque
1281 1017 1550 1071 magnitudine
1563 1018 1702 1058 cuneta

54 1071 287 1127 flagrabant:
320 1070 591 1124 abstraffisque
607 1071 656 1111 ab
666 1070 751 1125 ipso
763 1071 922 1111 uberum
934 1071 1041 1112 sustu
1052 1073 1220 1125 parvulis
1231 1076 1270 1113 &
1285 1073 1427 1112 necatis
1441 1100 1455 1120 ‚
1483 1082 1603 1126 raptae
1615 1073 1702 1114 sunt

54 1139 218 1175 matres,
250 1131 289 1168 &t
311 1127 481 1168 viduatae
503 1127 647 1166 maritis
669 1129 853 1182 conjuges
863 1137 951 1167 ante
961 1129 1098 1168 oculos
1111 1128 1211 1168 caefis
1223 1156 1235 1176 ,
1264 1132 1304 1169 δε
1318 1128 1480 1182 puberes
1493 1128 1701 1183 adultique

55 1185 165 1239 pueri
182 1197 250 1239 per
263 1193 466 1238 parentum
479 1183 663 1224 cadavera
674 1183 890 1224 trafflsunt.
921 1180 1034 1224 Senes
1056 1184 1227 1238 denique
1239 1184 1353 1224 multi
1371 1210 1383 1231 ‚
1414 1184 1465 1224 ad
1485 1183 1700 1225 satietatem

55 1240 190 1281 vixiss‘e
199 1240 404 1279 clamantes
415 1266 428 1286 ,
458 1238 545 1293 post
566 1239 715 1280 amiffas
727 1253 821 1294 opes
834 1253 921 1280 cum
934 1238 1110 1294 speciosis
1131 1239 1281 1280 feminis
1295 1267 1307 1287 ,
1337 1239 1513 1280 manibus
1526 1240 1613 1294 post
1625 1251 1700 1281 ter-

55 1308 105 1351 ga
115 1296 302 1336 contortis
314 1323 327 1343 ,
355 1294 585 1350 defletisque
595 1296 797 1350 gentilium
811 1294 951 1336 favillis
965 1296 1107 1336 aedium
1124 1323 1136 1343 ,
1165 1295 1407 1336 ducebantur
1419 1303 1603 1336 extorres.

114 1352 153 1393 C
167 1365 195 1392 A
210 1365 242 1392 P.
278 1351 317 1394 V
331 1351 351 1392 Ι
366 1352 396 1392 Ι.
427 1352 530 1392 Haec
555 1364 604 1391 ex
627 1352 809 1392 Thraciis
826 1365 967 1408 magno
980 1366 1139 1392 moerore
1152 1363 1314 1406 accepta
1326 1352 1534 1394 Valentem
1552 1352 1701 1392 Princi-

56 1420 146 1463 pem
155 1408 194 1448 in
204 1406 480 1448 sollicitudines
493 1408 613 1449 varias
625 1407 890 1448 distraxerunt.
922 1409 973 1448 Et
995 1407 1198 1448 confestim
1211 1408 1376 1450 Vifitore
1387 1408 1578 1463 Magistro
1590 1409 1702 1463 equi·

58 1475 144 1504 tum
165 1464 274 1505 misso
298 1463 348 1503 ad
369 1463 521 1509 Persas,
550 1475 594 1503 ut
617 1463 730 1518 super
753 1465 945 1504 Armeniae
968 1463 1064 1504 statu
1077 1478 1150 1518 pro
1173 1476 1292 1518 captu
1305 1478 1431 1504 rerum
1443 1475 1699 1518 componeret

57 1519 392 1575 impendentium:
423 1528 439 1556 y
461 1518 540 1573 ipse
562 1520 775 1560 Antiochia
796 1521 974 1573 protinus
987 1519 1196 1575 egressurus
1210 1547 1222 1568 ‚
1252 1531 1296 1560 ut
1310 1519 1698 1575 Constantinopolim

58 1577 210 1616 interim
222 1585 393 1631 peteret,
424 1573 679 1615 Profuturum
692 1575 875 1630 praemifit
904 1585 920 1603 Ζ
940 1580 978 1617 δε
991 1577 1204 1630 Trajanum
1217 1603 1230 1624 ,
1261 1576 1376 1616 ambo
1391 1577 1578 1617 Re&ores
1589 1603 1602 1625 ,
1631 1590 1700 1617 an-

93 1676 107 1701 7
129 1666 177 1704 Mfi
194 1666 230 1699 ὁ·
247 1666 330 1703 Steph.
349 1667 470 1702 perferre
488 1675 543 1693 non
565 1666 639 1703 posse
656 1675 713 1694 non
734 1665 863 1694 sufficien-
885 1667 1002 1694 Thraci-„a
1017 1667 1110 1703 populi
1123 1669 1181 1694 aui-i
1191 1666 1295 1694 metalla
1303 1666 1478 1696 exercebant,
1499 1674 1532 1694 ut
1548 1674 1621 1702 parer
1636 1674 1697 1694 tum

56 1711 108 1732 tes.
887 1713 919 1730 ex
928 1705 1010 1731 Pacari
1019 1705 1181 1740 Panegyrico
1190 1723 1197 1734 ,
1217 1712 1276 1732 tum
1286 1712 1319 1730 ex
1333 1704 1481 1731 Claudiano
1495 1702 1528 1730 de
1544 1703 1698 1731 Consulatu

59 1745 855 1757 W
887 1739 1036 1768 Theodori.
1057 1740 1197 1767 Metallarii
1211 1740 1329 1768 Thraces
1351 1747 1540 1768 memorantur
1556 1742 1584 1767 in
1598 1740 1655 1776 lege
1672 1747 1696 1772 7.

59 1772 200 1800 solitarios
208 1772 439 1801 subinitiumtubi
454 1773 514 1801 dicit
536 1776 650 1801 Arianos
664 1776 811 1811 Episcopos
818 1783 864 1801 an·
890 1775 960 1803 eod.
970 1776 1022 1803 Th.
1033 1776 1064 1802 de
1073 1776 1193 1803 Merallis.
1213 1775 1290 1803 Idem.

57 1816 166 1845 tequam
175 1808 330 1837 Concilium
338 1810 448 1838 Serdicae
457 1811 627 1837 inchoaretur
635 1829 643 1840 ,
653 1811 863 1848 Hadranopolim
926 1820 944 1838 x
963 1811 1212 1847 Conditoriafrtaegum
1223 1813 1235 1848 ]
1255 1810 1423 1839 Conditorium
1431 1811 1468 1838 est
1477 1814 1579 1840 Χπυθῆκκ
1587 1831 1594 1842 ‚
1608 1819 1639 1841 ut
1652 1811 1695 1839 lib.

58 1845 186 1881 aufugisse
202 1855 208 1872 :
226 1847 312 1882 quain
327 1847 392 1874 urbe
404 1845 464 1874 curn
479 1847 582 1874 efficere
599 1856 655 1874 non
670 1847 818 1883 potuissent
833 1853 864 1873 ut
890 1856 988 1875 xvxix.
1011 1846 1180 1874 Conditor-ium
1189 1847 1325 1876 muralium
1341 1854 1516 1876 tormentorum
1532 1850 1634 1876 Plinius
1650 1849 1696 1876 lib.

58 1882 158 1910 Clerici
165 1881 253 1910 sextum
263 1885 507 1913 communicarent,
526 1893 559 1910 re
570 1883 601 1911 ad
616 1884 808 1912 Constantium
823 1891 865 1910 re·
889 1894 947 1912 vu.
963 1892 1018 1920 cap.
1038 1885 1076 1910 16.
1098 1886 1204 1918 Corpora
1218 1884 1272 1919 ejm
1286 1884 1403 1911 miraculi
1418 1884 1510 1920 gratia
1524 1887 1551 1912 in
1567 1885 1698 1913 condam-io

59 1919 126 1948 lata,
146 1921 325 1956 impetrarunt
333 1927 365 1947 ut
374 1921 495 1948 x.La'1‘cis
503 1922 529 1947 in
546 1920 606 1948 loco
624 1923 671 1956 qui
685 1922 788 1949 Fabrica
803 1921 863 1947 dici·
889 1921 1089 1955 Sallustianorum
1097 1919 1423 1956 adftrvabaturhortorum.
1446 1921 1463 1937 *⁵
1484 1923 1607 1949 Retinuir
1626 1921 1696 1949 Soli-

59 1963 121 1986 tur‚
139 1958 219 1992 capita
232 1964 436 1991 amputarentur
447 1967 453 1984 ε
463 1959 631 1992 &mvndvm
647 1959 690 1985 xvxi
705 1959 723 1985 ’ἑ
737 1962 783 1985 ἐκεῖ
791 1967 865 1989 nstv
889 1967 940 1986 nus
947 1957 1064 1985 eamdem
1072 1966 1128 1984 rem
1138 1966 1248 1985 narrans
1256 1966 1311 1993 pag.
1325 1965 1365 1989 ¹7-
1385 1957 1506 1995 Reliquiae
1513 1957 1627 1985 adhncin
1641 1967 1697 1984 con·

56 1994 118 2027 μζώκ
147 1995 250 2028 icem&
265 1995 325 2026 δῖιωι
339 1996 420 2022 aasz&
434 1995 593 2029 ΧηυἹμηθὰῦαΙ
608 1995 650 2023 ’τοὶς
671 1997 766 2027 κεφαλάς
779 2013 786 2025 ,
812 1994 863 2022 &a
885 1994 972 2021 ditorio
980 1994 1181 2030 Sallustianorum
1189 1993 1317 2021 videntur·
1337 1995 1698 2031 Pet1·0n.Arb.pag.65.12e.

55 2004 145 2058 Valet?
418 2053 420 2055 .
880 2029 977 2066 stendit
985 2033 1011 2058 in
1019 2030 1186 2058 conditorium.
1207 2032 1242 2057 Et
1251 2039 1307 2066 pag.
1316 2030 1357 2057 66.
1376 2030 1501 2067 Praeclufis
1515 2031 1644 2058 conditorii
1650 2030 1698 2066 ft-

93 2075 110 2092 v
132 2063 382 2102 Sequendarumauri
389 2075 514 2095 venarum
524 2067 630 2103 periti]
652 2068 694 2094 Sic
708 2066 863 2103 loquuntur
889 2066 966 2094 ribus.
985 2069 1042 2103 Pag.
1053 2068 1094 2100 67.
1114 2066 1202 2093 Fatale
1215 2068 1375 2094 conditorium
1392 2066 1527 2103 familiari
1537 2076 1568 2094 ac
1590 2069 1657 2096 viro.
1675 2065 1694 2082 ⁸

56 2102 237 2138 Imperatores
246 2104 272 2129 in
281 2102 338 2138 lege
346 2110 368 2134 7.
378 2102 449 2130 Cod,
464 2103 515 2130 Th.
525 2103 558 2130 de
573 2102 704 2132 Metallisi
725 2104 751 2131 δι
769 2105 862 2131 Firmi-
889 2104 1073 2132 Tertullianus
1083 2104 1116 2131 de
1126 2103 1269 2130 Resurizca
1290 2110 1346 2135 .44.
1365 2102 1451 2131 a'tvini
1464 2103 1574 2139 thesauri
1589 2102 1697 2132 condito-

53 2146 102 2166 ως
123 2138 140 2156 *
158 2140 185 2166 in
201 2137 270 2166 libro
287 2141 310 2166 8.
331 2139 348 2155 ’⁵
368 2139 535 2170 Metallum»,
555 2141 605 2168 ait,
620 2141 762 2167 btventores
773 2145 861 2169 erunt,
886 2142 953 2167 rium
960 2140 1188 2168 vocathominem.
1207 2113 1339 2166 Linagnbr.

54 2177 100 2211 qm*
106 2173 212 2202 latentes
218 2177 276 2202 auri
285 2172 428 2211 &argenti
440 2185 522 2204 venas·
535 2185 566 2203 ac
581 2181 718 2204 ceterarum
725 2175 861 2211 specierum
922 2186 941 2214 y
964 2177 1100 2204 Antiochia
1102 2179 1215 2212 pretinm
1221 2175 1384 2212 egreffierun]
1406 2175 1502 2203 Valens
1516 2175 1659 2203 Antiochia
1669 2184 1696 2202 c-

46 2210 389 2248 Jbllertibusinquifitionibm
401 2212 582 2250 persbquentur.
603 2214 675 2239 Hinc
697 2211 860 2241 Claudianus
885 2213 988 2248 gressus
998 2213 1048 2243 est,
1068 2214 1290 2240 GratianolV.&
1310 2212 1471 2239 Merobaude
1486 2213 1559 2240 Coff.
1578 2219 1610 2239 ut
1626 2219 1697 2248 patet

51 2248 79 2275 fn
88 2245 238 2275 Consulatu
249 2248 388 2276 Theodori
405 2259 486 2276 venas
492 2249 612 2286 sequaces
633 2249 709 2277 dixit.
728 2248 858 2278 Ceterum
886 2259 919 2276 ex
929 2249 1030 2278 Codice
1037 2250 1087 2277 Th.
1096 2251 1122 2276 in
1134 2252 1174 2276 tir.
1185 2248 1217 2276 de
1226 2251 1381 2284 erogatione
1389 2249 1443 2276 mil.
1451 2258 1510 2276 ann.
1529 2251 1556 2278 ὃς
1571 2258 1597 2276 iu
1608 2251 1646 2275 tit.
1662 2249 1696 2274 de

49 2285 109 2312 auri
124 2283 230 2311 metalla.
241 2284 385 2313 mThracia
399 2285 475 2313 fuisse
488 2285 519 2312 ad
534 2288 634 2313 Datum
651 2285 763 2320 opidum
778 2286 857 2313 docet
884 2285 990 2314 militari
999 2285 1078 2314 veste.
1100 2285 1181 2321 Vales.

47 2320 145 2350 Strabo
159 2321 186 2349 in
195 2320 237 2349 lib.
247 2322 306 2356 7.&
324 2321 462 2352 Zenobius
478 2323 506 2350 in
524 2321 637 2359 Adagiis.
659 2322 726 2351 Beffi
744 2331 856 2361 quoque
873 2343 876 2347 .
915 2331 934 2351 z
956 2325 991 2352 Et
1005 2324 1144 2360 Traianum
1159 2321 1231 2349 ambo
1241 2322 1361 2350 Refffores.
1377 2322 1391 2360 ]
1420 2322 1553 2359 Trajanus
1574 2319 1697 2356 Magister

1089 2361 1217 2402 Rrrr
1250 2373 1271 2400 2
