2007 2658
123 97 606 123 GRATIANus&VALENT1fflANus
620 95 840 122 AAA.v21enreA.
907 97 1022 144 LIB·
1045 99 1223 145 XXXI·
1253 100 1396 146 CAP·
1418 99 1532 150 XV·
1602 118 1694 165 705

155 133 199 156 Vl.
209 132 233 155 δι
246 131 413 155 valentiniano
431 135 458 155 Α.
471 133 503 155 11.
517 128 584 156 Coff.
600 133 671 154 Anno
682 128 736 153 Chr.
748 133 806 160 37¹.

53 184 111 213 nae
135 172 355 226 principalis
383 171 539 225 insignia
564 168 836 223 thesaurosque
856 168 1056 216 Valentis,
1091 171 1169 210 illic
1191 181 1235 210 ut
1263 173 1385 212 arduo
1400 174 1436 213 in
1453 173 1696 214 munimento

53 229 248 269 conditos.
283 229 333 268 Et
347 241 392 267 ne
408 226 655 266 intervallatis
667 226 782 265 ardor
794 224 1041 277 intepesceret
1053 226 1172 264 moris
1186 242 1202 271 ‚·
1229 225 1325 265 hora
1335 228 1411 266 diei
1424 232 1563 281 quarta
1577 231 1697 270 ambi-

53 294 96 324 tu
109 285 237 324 cinito
251 295 447 323 murorum
461 309 474 328 ,
503 280 738 321 infestiss'ime
749 281 985 321 certabatur:
1018 281 1359 333 oppugnatoribus
1373 285 1537 336 genuina
1549 285 1693 325 ferocia

51 341 101 380 ad
114 353 284 394 praeceps
297 338 459 379 exitium
472 335 735 377 festinantibus
747 364 759 384 ,
788 335 1004 389 contraque
1026 333 1271 375 defensorum
1298 337 1433 391 vigore
1457 339 1594 379 validis
1606 342 1697 381 viri·

54 395 125 435 bus
137 397 308 435 incitato.
340 393 391 432 Et
406 392 497 446 quia
508 393 674 433 militum
688 392 945 445 calonumque
957 403 1134 430 numerus
1150 404 1311 444 magnus
1322 394 1518 434 civitatem
1533 399 1695 448 cumju-

49 452 186 491 mentis
199 450 356 490 introire
369 447 587 503 prohibitus
601 476 611 493 ‚
644 447 786 488 affixus
803 447 1012 501 parietibus
1038 446 1227 486 moenium
1241 449 1463 503 aedibusque
1475 453 1668 494 continuis
1679 479 1692 499 ,

48 520 121 560 pro
133 506 209 545 loci
231 505 448 545 humilitate
469 504 622 545 fortiter
633 503 861 544 decernebat
873 530 884 549 ,
897 502 1172 557 superaratque
1196 503 1315 543 rabies
1328 505 1611 547 imminentium
1624 508 1693 548 ad-

45 561 167 616 usque
191 560 324 601 horam
350 561 427 601 diei
449 574 609 601 nonam:
642 559 769 600 subito
792 558 943 613 pedites
965 558 1082 598 nostri
1095 559 1256 598 trecenti
1270 586 1282 606 ,
1305 573 1353 598 ex
1365 560 1422 599 his
1437 564 1506 614 qui
1523 577 1649 617 prope
1662 565 1693 603 i-

46 617 129 670 psas
143 616 278 657 stetere
290 617 425 657 loricas
441 644 454 664 ,
465 616 632 656 conferti
643 617 680 655 in
690 628 856 656 cuneum
866 614 1109 656 desciverunt
1120 615 1170 654 ad
1183 615 1370 655 Barbaros
1386 631 1394 655 :
1427 616 1575 671 eosque
1585 621 1640 659 illi
1651 634 1692 658 a·

47 673 139 714 vide
148 684 281 727 raptos
293 701 305 720 ‚
335 672 535 713 confestim
557 672 779 727 (incertum
792 684 874 725 quo
886 670 1078 725 consilio)
1101 672 1366 711 trucidarunt:
1403 675 1440 713 &
1464 687 1513 713 ex
1524 687 1571 713 eo
1582 675 1691 715 dein-

45 742 139 783 ceps
153 729 405 771 observatum
431 727 484 768 est
496 756 509 776 ,
537 730 727 768 neminem
749 726 973 781 hujusmodi
998 727 1149 781 aliquid
1162 727 1222 767 vel
1234 728 1271 766 in
1286 727 1549 781 desperatione
1564 744 1692 785 rerum

43 785 181 825 ultima
194 785 385 840 cogitasse.
418 785 608 826 Fervente
622 785 755 838 itaque
766 794 828 823 tot
839 784 1029 823 malorum
1043 783 1224 836 congerie
1238 811 1246 827 ‚
1267 784 1426 837 repente
1437 797 1525 834 cum
1534 786 1692 841 fragore

43 841 182 881 caelesti
195 843 334 882 imbres
348 841 511 881 nubibus
523 842 614 880 atris
637 840 746 880 effufi
759 838 965 892 dispersere
977 837 1371 879 circumfrementium
1387 836 1550 894 globdsw'}
1565 850 1692 883 rever-

39 897 152 952 fique
165 898 214 938 ad
225 898 366 938 vallum
381 895 592 937 dimensum
609 896 719 935 tereti
732 894 858 950 figura
879 894 1135 948 plaustrorum
1150 923 1162 942 ,
1194 896 1377 936 immanes
1398 895 1554 949 spiritus
1576 898 1690 938 latius

40 956 306 1007 porrigentes,
323 952 510 1005 jubebant
524 950 658 991 nostris
671 965 738 1005 per
761 952 926 995 minaces
948 952 1114 996 litteras,
1144 955 1182 992 &
1205 952 1378 1007 legatum
1411 952 1438 978 ²*
1463 962 1477 978 ³
1503 964 1653 994 aetatem
1677 982 1690 1002 ,

37 1008 121 1049 fide
132 1008 337 1048 retinendae
359 1007 487 1047 salutis
500 1019 669 1061 accepta.
700 1008 849 1049 Verum
870 1009 1027 1047 introire
1050 1022 1135 1048 non
1151 1007 1242 1047 auso
1271 1010 1340 1063 qui
1363 1008 1493 1048 miss‘us
1515 1009 1592 1057 est,
1621 1024 1690 1064 per

38 1064 303 1106 Christianum
319 1064 528 1115 quemdam
544 1064 708 1116 portatis
719 1062 869 1116 scriptis
887 1068 926 1104 &
952 1065 1121 1104 recitatis
1128 1091 1141 1110 ,
1176 1075 1299 1118 utque
1322 1065 1485 1105 decebat
1513 1076 1690 1106 contem-

39 1120 375 1174 ptatis,parandis
396 1120 577 1173 operibus
617 1117 871 1175 [reliquum]
903 1121 1029 1160 diei&
1054 1135 1133 1160 nox
1147 1122 1272 1160 omnis
1306 1130 1315 1146 ¹
1340 1119 1556 1175 absumpta.
1576 1122 1689 1163 Nam
1730 1126 1738 1137 ’

38 1175 263 1217 intrinsecus
273 1175 438 1216 filicibus
448 1176 595 1230 magnis
612 1174 791 1216 obstrusae
803 1174 888 1215 sunt
902 1186 1027 1230 portae
1038 1203 1050 1222 ,
1081 1180 1119 1216 ὅτ
1139 1177 1329 1217 moenium
1355 1177 1480 1216 intuta
1500 1177 1653 1218 firmata
1676 1193 1685 1218 :

38 1235 78 1273 &
98 1233 148 1272 ad
158 1232 369 1272 emittenda
380 1232 554 1284 undique
566 1232 641 1271 tela
653 1231 716 1272 vel
728 1232 815 1274 saxa
829 1260 840 1279 ‚
874 1241 1067 1272 tormenta
1079 1246 1149 1286 per
1158 1232 1269 1272 locos
1284 1242 1418 1286 aptata
1429 1232 1516 1272 sunt
1528 1233 1686 1280 habiles,

37 1287 409 1343 aggestaqueprope
421 1287 733 1342 sufficiensaqua.
757 1288 887 1328 Pridie
909 1289 1295 1328 enimdimicantium
1306 1288 1468 1342 quidam
1490 1288 1550 1329 siti
1580 1289 1596 1315 b
1615 1291 1686 1330 ad-

36 1344 248 1398 usqueipsa
258 1346 348 1386 vitae
377 1352 392 1369 2
413 1344 643 1384 detrimenta
655 1346 785 1385 vexati
796 1343 894 1384 sunt.
935 1345 1088 1385 Contra
1119 1344 1246 1385 Gothi
1269 1355 1491 1399 reputantes
1504 1343 1686 1386 difficiles

37 1401 176 1441 Martis
187 1411 346 1441 eventus
357 1427 369 1447 ‚
398 1400 585 1454 anxiique
597 1402 684 1440 cum
699 1400 857 1441 sterni&
872 1399 1028 1440 sauciari
1043 1412 1239 1449 cernerent
1264 1400 1448 1441 fortiores
1463 1429 1475 1448 ,
1503 1405 1543 1442 ὅ(
1564 1403 1687 1456 parti-

35 1456 196 1496 culatim
208 1457 305 1496 vires
320 1455 401 1496 suas
414 1456 602 1502 convelli,
633 1456 801 1497 astutum
813 1458 928 1497 iniere
938 1457 1140 1497 confilium
1154 1485 1167 1505 ‚
1185 1458 1297 1512 quod
1313 1457 1395 1512 ipsa
1408 1458 1603 1498 indicante
1610 1459 1685 1511 Ju.

36 1511 138 1552 stitia
151 1512 390 1566 publicatum
407 1511 472 1552 est.
506 1513 629 1553 Partis
639 1515 743 1553 enim
756 1513 890 1553 nostrae
903 1514 1148 1554 Candidatos
1160 1515 1314 1567 aliquos
1327 1544 1339 1563 ,
1359 1515 1428 1568 qui
1443 1514 1507 1554 die
1527 1523 1687 1567 praeter-

36 1569 95 1608 ito
117 1569 166 1608 ad
195 1582 260 1608 eos
273 1568 494 1608 defecerant
505 1596 517 1616 ,
547 1569 736 1622 pellexere
747 1580 791 1609 ut
804 1568 976 1609 simulata
988 1568 1081 1624 fuga
1092 1570 1198 1610 velut
1212 1567 1261 1609 ad
1273 1571 1431 1623 propria
1452 1579 1660 1609 remeantes
1671 1598 1685 1618 ,

35 1625 134 1664 intra
160 1637 290 1664 muros
323 1623 460 1678 suscipi
479 1624 514 1664 se
537 1632 733 1672 curarentj
763 1624 996 1679 ingreffique
1022 1626 1183 1665 latenter
1204 1626 1416 1679 quamdam
1437 1625 1684 1666 incenderent

36 1691 184 1733 partem
199 1695 207 1719 :
221 1691 264 1720 ut
274 1690 475 1734 tamquam
488 1680 595 1734 signo
604 1682 732 1721 erasto
743 1681 936 1720 occultius
950 1709 963 1728 ‚
991 1681 1087 1721 dum
1101 1682 1202 1721 circa
1214 1681 1537 1737 exstinguendum
1551 1684 1683 1722 incen-

36 1735 147 1774 dium
172 1735 410 1787 distringitur
422 1736 636 1774 multitudo
659 1736 874 1775 clausorum
889 1763 900 1781 ‚
930 1737 1064 1775 civitas
1100 1746 1110 1769 ³
1134 1748 1446 1790 perrumperetur
1474 1738 1682 1791 impropu-

35 1800 165 1844 gnata.
186 1789 389 1829 Perrexere
405 1799 448 1828 ut
461 1788 643 1829 statutum
665 1790 718 1830 est
740 1791 976 1837 Candidati:
993 1791 1159 1844 cumque
1181 1804 1304 1845 prope
1325 1790 1438 1831 foffas
1463 1793 1647 1833 venissent
1667 1820 1680 1838 ‚

35 1859 170 1886 manus
181 1845 378 1885 tendentes
389 1844 619 1900 orantesque
632 1873 644 1893 ‚
665 1856 710 1886 ut
723 1847 924 1886 Romanos
948 1846 1064 1886 semet
1079 1847 1235 1886 admitti
1259 1847 1478 1901 poscebant.
1510 1849 1561 1888 Et
1577 1863 1681 1889 rece-

36 1903 115 1956 pti,
129 1901 244 1957 (quia
256 1901 358 1941 nulla
367 1911 446 1940 erat
460 1900 624 1954 suspicio
637 1916 723 1957 quae
747 1901 930 1956 vetaret)
964 1903 1269 1957 interrogatique
1288 1903 1400 1957 super
1421 1904 1586 1944 consiliis
1606 1905 1680 1944 ho.

37 1958 149 1998 stium
165 1957 377 1997 variarunt:
392 1957 493 1997 unde
503 1957 647 1998 fastum
658 1957 711 1998 est
725 1986 735 2001 ‚
759 1968 803 1998 ut
816 1969 972 1998 cruenta
984 1958 1192 2012 quaestione
1203 1961 1355 2006 vexati,
1367 1958 1580 2000 cervicibus
1594 1975 1679 2014 per·
1699 1969 1701 1973 ’

36 2014 136 2054 irent
167 2013 313 2053 abscisis
329 2041 341 2059 ‚
370 2013 468 2067 quid
496 2014 616 2055 acturi
636 2027 818 2054 venerant
843 2015 975 2067 aperte
995 2014 1165 2055 confeffi.
1206 2016 1332 2055 Omni
1356 2017 1488 2070 itaque
1510 2016 1678 2056 bellandi

34 2080 224 2126 apparatu
238 2068 461 2124 pr'aestruzfito
473 2096 485 2116 ‚
509 2070 742 2111 adventante
753 2072 886 2125 vigilia
897 2072 1008 2111 tertia
1018 2098 1030 2118 ,
1060 2071 1220 2111 Barbari
1234 2071 1379 2112 abolito
1391 2073 1678 2126 praeteritorum

74 2169 84 2187 ι
108 2159 152 2187 Al.
165 2160 280 2188 assumta.
318 2170 334 2187 2
353 2161 399 2196 Ms.
413 2161 587 2190 defrumenta.
627 2171 638 2195 3
660 2161 839 2200 Msprorum-
871 2161 1184 2198 tinehdaeshlutuaccepta.
1204 2162 1286 2191 Vales.

29 2205 149 2235 peretur.
909 2200 926 2226 b
946 2198 1062 2241 Adtcsqraee
1083 2199 1135 2234 ipsa
1158 2202 1222 2225 τίνι
1236 2199 1409 2237 discrimina]
1437 2201 1468 2227 In
1486 2201 1571 2236 Regio
1586 2201 1677 2228 codice

680 2257 683 2259 .
870 2236 1246 2272 scr-ipruminveniperindeut
1256 2239 1282 2263 in
1293 2238 1365 2264 Flor.
1380 2235 1552 2272 daefiumenta,
1572 2238 1677 2265 eadem-

67 2277 83 2295 a
101 2270 260 2308 Alteram-J
282 2268 456 2297 Scribendum
470 2269 593 2301 videtur,
612 2270 736 2306 jubebant
750 2271 832 2308 nostrir
871 2281 924 2308 que
940 2281 1018 2298 manu
1034 2271 1238 2309 superscriptum
1253 2273 1408 2301 detrimenta.
1432 2273 1486 2309 [ln
1502 2274 1578 2302 Colb.
1593 2274 1676 2311 defru-

31 2302 422 2341 permin.litteras&legatum‚
443 2307 502 2343 utse
510 2306 624 2335 dederent
630 2308 721 2345 statim
729 2306 776 2338 fide
791 2318 830 2338 re·
871 2310 986 2344 mmm]
1007 2307 1084 2336 Idem.

971 2345 1135 2388 Vvvv
