2007 2658
895 59 1001 102 DE
1057 58 1289 102 VITA

272 155 416 206 quesitum
428 153 510 200 effet.
533 151 639 198 quidve
650 149 812 198 responsum
825 173 836 191 ,
863 150 963 198 cursim
973 150 1014 184 ad
1024 148 1167 198 Cesarem
1176 148 1364 196 perferentes,
1389 151 1434 188 Et
1443 149 1500 190 lib.
1511 148 1607 186 xxti.
1617 148 1656 184 de
1666 150 1817 187 Pentadio
1827 152 1936 191 Non]
1980 178 1986 182 .

274 208 341 245 rio:
363 205 422 238 cui
432 203 463 236 id
472 200 612 249 objectum
622 199 660 247 ost
671 223 680 239 ‚
700 199 775 246 quiid
784 197 803 234 ax
814 199 979 248 Constantio
990 200 1082 248 miffus
1092 223 1102 239 ‚
1122 205 1190 234 notis
1202 202 1311 246 excepit
1322 223 1332 240 ,
1351 212 1409 246 qua
1415 201 1625 251 propinquante
1631 201 1755 248 pernicie
1759 201 1845 248 super
1854 206 1936 240 mul-

272 260 309 294 tia
319 257 510 300 interrogatus
519 250 698 296 responderat
711 252 824 286 Gallus.
850 249 903 286 ῙΞὸ
915 247 951 283 fit
962 272 971 288 ,
995 258 1028 283 ut
1040 250 1234 296 Exceptores
1245 248 1387 285 dicantur
1396 273 1407 291 ,
1433 249 1508 286 esim
1519 250 1551 285 in
1563 250 1652 295 Iure,
1680 258 1748 285 tum
1760 251 1837 297 apud
1857 253 1936 289 alio:

275 304 441 341 Αυᾶοῐεε.
470 300 514 334 Hi
526 308 612 333 erant
621 298 674 334 sub
684 298 882 348 dispositione
892 297 1031 348 Magistri
1045 296 1234 334 officiorum
1245 320 1256 337 ,
1281 310 1467 349 argumento
1480 298 1687 347 inscriptionis
1709 301 1749 334 L.
1762 310 1813 337 11.
1825 301 1936 341 C,1ib,
1986 322 1988 330 ,

276 366 350 394 ³111.
368 352 408 387 de
421 348 621 390 primicerio,
649 349 686 384 &
704 349 865 384 Secundar.
882 349 916 384 ὃ(
938 350 1053 383 Notar.
1069 360 1198 395 quorum
1212 346 1325 383 Schola
1337 349 1514 384 Tribunum
1537 353 1568 384 δι
1583 349 1797 385 Primicerium
1818 349 1943 390 habuit.-

276 400 413 440 Tribuni
437 398 523 437 sunt,
548 397 597 446 qui
619 398 635 431 a
658 398 844 434 Marcellino
861 396 969 432 nostro
982 425 990 437 ,
1019 395 1095 432 aD.
1107 396 1294 435 Ambrosio,
1320 401 1353 432 δε
1372 400 1435 434 aliis
1446 399 1588 434 dicuntur
1599 398 1777 435 Tribuni&
1788 400 1937 441 Notarii,

274 451 353 501 quasi
373 449 489 484 diceres
511 447 718 483 Notariorum
739 447 892 481 Tribuni:
921 459 979 494 qua
990 445 1110 481 ratione
1131 447 1253 486 Comes
1271 449 1305 481 &
1328 446 1477 498 Magister
1503 448 1699 496 accipiendus
1718 461 1775 496 pro
1794 460 1854 490 eo,
1883 450 1936 498 qui

275 503 357 537 inter
370 497 524 534 ¹Comites
547 494 695 544 Magister
715 494 758 530 cst
772 519 782 535 ,
809 505 994 545 argumento
1016 495 1222 542 inscriptionis
1234 497 1272 531 L.
1291 498 1397 534 1v.C.
1408 497 1447 532 de
1458 497 1559 533 Offic,
1574 495 1712 532 Praefetst,
1731 501 1862 535 Praetor,
1883 499 1940 535 0-

273 551 364 587 tient.
391 546 586 583 primicerius
597 546 801 580 Notariorum
813 568 824 584 ‚
852 545 936 588 cujus
948 543 1047 579 forma
1057 543 1187 592 estapud
1201 543 1419 581 Caffiodorurn
1430 570 1440 585 ‚
1465 546 1574 582 dicitur
1594 546 1711 594 primus
1729 547 1940 584 Notariorum
1989 551 1997 556 ⁴

275 600 308 635 in
319 598 376 633 hac
388 595 536 631 Historia.
561 595 659 629 Erant
671 594 846 642 praetei·hos
860 597 891 628 &
906 593 953 627 alii
968 593 1153 642 dignitatum
1173 593 1251 628 tituli
1276 593 1414 642 primurn
1437 594 1454 628 Ξι
1475 594 1688 631 Constantino
1709 595 1849 638 inventi,
1874 596 1940 646 quo
1994 604 2002 608 “

277 648 358 684 inter
378 647 479 693 plures
501 643 637 679 honores
661 644 821 691 partiretur
836 665 845 682 ,
871 652 902 676 ut
914 641 1061 678 Eusebius
1075 641 1266 677 Caesarienfis
1290 643 1381 678 initio
1390 642 1442 680 lib.
1458 655 1509 680 iv.
1522 644 1629 681 devita
1639 646 1702 690 ejus
1712 644 1859 694 scriptum
1871 646 1944 682 reli-

277 697 354 746 quir.
383 693 562 742 Qiomodo
581 693 664 727 enirn
689 693 784 737 Julius
807 690 884 726 Caes
880 704 910 726 ar
922 691 991 740 post
1011 691 1115 727 civiles
1128 691 1273 727 victorias
1284 693 1454 729 Civitatem
1467 716 1478 733 ,
1505 696 1538 727 &
1548 693 1678 730 Curiam
1689 694 1944 743 Rom-pluribus

276 744 417 783 viftor'iae
429 742 623 791 participibus
633 740 890 781 communicavit,
903 745 934 776 δι’,
947 741 1084 776 honores
1094 753 1149 776 eos
1160 742 1307 790 vulgavit:
1320 741 1359 776 fic
1370 742 1464 777 etiarn
1477 741 1714 782 Constantinus,
1726 742 1796 792 post
1809 745 1946 782 Maxen-

279 795 357 829 tium
370 795 406 829 &
416 792 571 827 Licinium
584 792 726 828 deviffitos
736 820 743 831 ‚
760 791 884 838 praemia
894 790 1033 827 vi&oriae
1044 790 1110 825 haec
1120 790 1306 840 dignitatum
1318 802 1500 827 commenta
1509 790 1608 838 fecit„
1622 794 1744 828 Harum
1755 793 1821 828 aliae
1831 805 1948 828 vacan-

279 854 326 879 tes
342 845 378 880 ὅ(
387 841 559 877 honorariae
568 851 655 876 erant
665 864 674 879 ,
701 841 766 875 aliae
784 841 816 875 in
828 840 895 875 ειᾶιι
908 839 1025 887 positae.
1052 841 1150 875 Tunc
1162 841 1254 888 igitur
1266 840 1404 888 primum
1415 841 1468 876 ista
1480 840 1638 876 honorum
1651 842 1802 878 vocabula
1822 841 1946 878 inveffita

280 892 350 929 sunt
360 915 371 932 ‚
397 891 536 926 Comitis
548 893 581 925 δε
597 890 771 925 Comitivae
782 917 793 932 ,
820 890 1004 938 Magistri&
1018 889 1187 938 Magisterii
1197 919 1206 932 ‚
1236 890 1414 926 Patriciatus
1426 893 1458 926 &
1471 889 1675 926 Patriciorum
1689 914 1700 931 ,
1721 890 1945 927 Nobiliffima-

279 951 331 977 tus
342 944 375 976 &
387 939 684 981 Nobilissimorum3
705 939 835 975 nomina
846 939 969 987 quidem
981 939 1138 974 antenota
1147 965 1158 982 ‚
1184 939 1234 975 sed
1245 952 1285 974 eo
1297 938 1381 975 sensu
1392 940 1536 976 inaudita.
1568 940 1716 975 Comites
1725 940 1810 975 enim
1820 940 1899 976 nihil
1912 953 1946 976 a·

279 990 343 1027 liud
355 989 443 1028 sunt,
471 989 565 1038 quatri
579 988 719 1025 Praefeeti
730 1013 740 1029 ,
762 988 823 1024 five
837 988 1015 1036 Praepositi:
1040 987 1169 1038 plusque
1178 987 1226 1024 est
1239 989 1424 1039 Magistrum
1433 987 1512 1032 esse,
1540 988 1635 1037 quam
1651 989 1830 1027 Comitem.
1865 992 1949 1026 Am-

280 1040 404 1076 mianus
417 1038 470 1075 lib.
485 1050 581 1075 xxvi.
591 1039 767 1088 deEquitio
781 1053 791 1073 t
822 1040 957 1073 Nondum
969 1037 1107 1087 Magister
1117 1061 1128 1077 ,
1149 1039 1201 1086 sed
1212 1045 1325 1075 Comes.
1339 1039 1375 1075 ὃς
1385 1039 1489 1086 paullo
1501 1036 1590 1087 post:
1612 1039 1718 1073 Eodem
1734 1041 1845 1085 Equitio
1864 1040 1948 1074 audo

279 1088 440 1135 Magisterii
453 1089 609 1134 dignitate.
636 1089 755 1123 Omnis
767 1088 857 1137 igitur
869 1086 1017 1136 Magister
1027 1098 1089 1123 erat
1101 1089 1244 1131 Comes;
1266 1100 1332 1122 non
1353 1087 1476 1124 contra.
1503 1091 1612 1137 Itaque
1633 1087 1784 1135 legimus,
1811 1096 1844 1123 ut
1863 1086 1948 1129 dixi,
1989 1086 1992 1090 ’

280 1137 336 1173 has
345 1137 568 1185 appellationes
579 1165 588 1177 ,
617 1138 742 1172 Comes
753 1140 786 1172 &
799 1139 852 1172 Ma
878 1137 966 1175 ister,
993 1137 1021 1172 id
1035 1135 1079 1172 est
1092 1165 1100 1179 ‚
1129 1138 1209 1173 inter
1220 1137 1367 1172 Comites
1378 1135 1535 1186 Magister.
1565 1136 1734 1171 Comitum
1757 1135 1854 1184 porro
1879 1148 1947 1172 non
1994 1141 2007 1146 ⁴

280 1182 377 1221 unuin
388 1199 486 1235 genus
497 1185 559 1221 est:
586 1199 658 1221 nam
671 1186 815 1236 gradibus
827 1150 1089 1236 distinguebantur
1102 1214 1113 1233 ‚
1138 1185 1178 1222 fic
1191 1197 1223 1221 ut
1237 1187 1285 1221 alii
1299 1186 1411 1234 primi,
1438 1186 1485 1220 alii
1497 1184 1641 1224 secundi,
1667 1185 1813 1234 tertiique
1830 1185 1950 1221 ordinis
1973 1212 1975 1214 -

280 1234 397 1276 essent,
422 1248 553 1282 quorum
574 1236 678 1282 aperte
698 1232 728 1270 in
753 1235 1035 1271 Constitutionibus
1056 1236 1184 1272 mentio.
1212 1238 1264 1271 De
1285 1235 1464 1271 Patriciatus
1473 1235 1596 1270 honore
1612 1234 1652 1269 ita
1665 1233 1808 1269 Zosimus
1825 1234 1877 1270 lib.
1903 1246 1950 1272 11.

281 1291 358 1319 Eum
369 1284 480 1319 honoris
504 1287 623 1319 titulum
647 1284 847 1331 constantinus
856 1288 1093 1331 excogitaverat,
1121 1282 1239 1332 latique
1257 1284 1486 1332 legesaenxerat,
1511 1295 1544 1320 ut
1554 1284 1604 1330 qui
1617 1295 1682 1318 eum
1693 1284 1949 1332 consecutiefftnt,

277 1335 369 1381 supra
379 1333 445 1380 ipfhs
462 1333 608 1378 Praesetlos
623 1334 926 1379 aratoriisessitarenr.
953 1335 1165 1370 Meminerunt
1178 1336 1209 1368 &
1224 1333 1272 1368 alii
1284 1346 1350 1368 non
1363 1333 1462 1382 pauci.
1487 1331 1738 1381 Nobiliffimatus
1757 1332 1891 1382 dignitas
1902 1333 1950 1369 vi-

279 1382 368 1417 detur
379 1382 502 1429 propria
514 1381 728 1431 peculiarisque
738 1380 821 1417 fuisse
830 1382 866 1418 iis
881 1382 1005 1418 tantum
1018 1405 1029 1422 ,
1054 1384 1104 1432 qui
1115 1383 1282 1432 agnatione
1302 1391 1353 1417 aut
1363 1382 1592 1430 propinquitate
1606 1384 1832 1428 Imperatorem
1849 1379 1948 1429 ipsum

280 1430 508 1478 contingebant
522 1445 530 1464 ε
553 1430 637 1478 quod
649 1432 762 1479 antiqui
773 1432 895 1466 nummi
906 1455 917 1472 ,
942 1432 973 1467 in
986 1432 1092 1480 quibus
1101 1431 1259 1481 dignitatis
1278 1431 1366 1477 hujus
1376 1431 1456 1466 clara
1466 1429 1640 1479 expreffio,
1659 1428 1785 1480 ipse‘que
1805 1430 1950 1467 Zofimus

281 1479 396 1515 eodem
408 1479 568 1513 volumine
579 1479 723 1527 probant.

335 1527 573 1574 Municipalium
589 1526 687 1575 porro
699 1528 885 1576 dignitatum
899 1531 931 1563 &
942 1527 1085 1562 ordinum
1098 1527 1164 1562 haec
1173 1526 1330 1562 distinctio
1351 1527 1471 1563 viderur
1483 1527 1543 1562 illis
1560 1528 1753 1576 temporibus
1763 1527 1927 1564 obtinuisse
1936 1553 1951 1571 ,

280 1587 317 1613 ut
327 1577 375 1612 alii
387 1577 525 1611 Curiales
535 1599 544 1614 ,
570 1577 618 1611 alii
632 1578 842 1611 Sacerdotales
854 1601 864 1616 ,
892 1578 939 1611 alii
953 1577 1139 1623 Priiicipales
1151 1599 1161 1615 ,
1186 1577 1234 1611 alii
1247 1575 1436 1611 Defensores
1446 1576 1552 1612 ess'ent.
1581 1578 1719 1612 Curiales
1733 1576 1826 1612 etiarn
1839 1579 1950 1613 Decu-

285 1627 390 1662 riones
418 1626 609 1673 appellantur
621 1648 631 1665 ,
658 1626 708 1674 qui
738 1625 896 1661 manifeste
918 1625 935 1660 ἓι
964 1626 1153 1661 Primoribus
1173 1629 1205 1660 &
1224 1623 1447 1660 Defensoribus
1469 1624 1641 1672 separantur
1651 1649 1661 1665 ,
1691 1629 1730 1662 L.
1759 1637 1770 1658 1
1783 1637 1795 1658 1
1806 1638 1832 1660 1.
1857 1626 1946 1664 cod.

286 1677 321 1711 T
325 1675 418 1711 bcod.
427 1675 467 1709 de
477 1679 593 1723 Pagan.
607 1675 683 1710 acin
697 1675 776 1710 vai-ia
787 1676 889 1710 munia
901 1675 1088 1713 dividuntur,
1100 1687 1165 1721 quae
1176 1674 1327 1723 gradatim
1339 1673 1491 1710 subibant.
1501 1676 1634 1710 Invenio
1645 1675 1730 1710 enim
1742 1686 1780 1709 ex
1795 1674 1842 1710 his
1857 1673 1952 1724 quos-

286 1725 361 1760 dam
374 1725 422 1759 vel
434 1723 620 1772 Praepofitos
630 1723 812 1767 horreorum
827 1723 928 1764 fuiffiz,
958 1725 1004 1759 vel
1019 1723 1204 1769 Praepositos
1215 1723 1297 1771 pacis
1309 1746 1318 1762 ‚
1345 1734 1394 1758 aut
1407 1722 1603 1770 Susceptores
1623 1723 1807 1759 diversarum
1830 1721 1948 1771 specie-

288 1787 369 1814 rum,
385 1776 412 1808 L
437 1786 574 1809 xxxxix.
588 1773 673 1810 cod.
684 1773 812 1810 Theod.
823 1773 862 1809 de
873 1775 989 1808 Decur.
1001 1772 1062 1807 five
1072 1774 1223 1811 Enetos.
1237 1785 1441 1811 annonarum,
1457 1774 1495 1806 L.
1509 1785 1561 1808 un.
1575 1773 1619 1808 C.
1635 1772 1674 1807 dc
1686 1771 1812 1820 Magist.
1825 1773 1951 1808 Munic.

289 1823 422 1870 denique
433 1823 495 1858 aliis
507 1823 684 1857 muneribus
697 1846 708 1862 ,
734 1835 866 1871 quorum
880 1822 1004 1858 obscura
1016 1822 1084 1857 sunt
1097 1823 1225 1857 nomina
1237 1849 1246 1862 ‚
1274 1820 1450 1869 praefetftos.
1478 1823 1527 1856 Ex
1548 1820 1681 1856 hiscum
1705 1821 1827 1869 quidam
1851 1820 1949 1857 essent

286 1870 445 1908 inferiores
457 1900 466 1912 ,
494 1872 616 1921 quidam
630 1873 761 1919 majores
773 1896 784 1912 ‚
811 1872 920 1907 ordine
940 1871 1069 1907 decursis
1089 1870 1300 1909 inferioribus,
1327 1870 1443 1906 fiebant
1453 1871 1502 1905 vel
1514 1871 1745 1910 Sacerdotales,
1773 1871 1822 1906 vel
1834 1870 1952 1906 Princi-

289 1923 373 1971 palcs
385 1943 396 1960 ,
426 1922 465 1956 L.
480 1931 535 1956 v1.
549 1921 592 1957 C.
603 1921 729 1956 Theod.
746 1921 785 1956 de
795 1924 917 1958 Decur.
942 1922 1028 1957 Hinc
1039 1921 1131 1956 toties
1145 1920 1285 1955 videmus
1300 1920 1496 1956 Decurioncs
1506 1943 1515 1958 ,
1526 1932 1528 1935 ·
1541 1923 1572 1954 &
1587 1920 1775 1966 Principales
1798 1913 1950 1967 separari}

289 1974 329 2006 L.
345 1984 374 2007 v.
390 1973 430 2006 L.
443 1982 523 2005 xxx!
532 1983 561 2006 x.
576 1971 662 2007 Coo'.
674 1970 804 2007 Theod.
814 1971 854 2006 de
865 1973 984 2007 Decur.
996 1970 1186 2017 Principales
1195 1970 1287 2005 etiarn
1298 1971 1490 2018 appellantur
1501 1969 1639 2004 Primarii
1650 1970 1680 2003 iii
1691 1967 1796 2004 iisdem
1817 1967 1951 2006 Confli-

289 2020 470 2056 rationibus.
497 2021 540 2055 Et
547 2032 604 2055 eos
614 2019 672 2054 ess‘e
684 2030 758 2068 puto
770 2044 780 2059 ‚
804 2034 884 2078 quos
895 2020 1051 2056 reverendi
1061 2019 1177 2056 ordinis
1187 2021 1295 2054 Duces
1308 2019 1493 2054 Ammianus
1506 2028 1661 2066 nuncupat
1671 2018 1722 2056 lib.
1738 2031 1755 2052 x
1764 2029 1813 2054 lv.
1840 2019 1889 2054 Ex
1901 2016 1950 2054 his

291 2079 377 2104 crant
390 2092 400 2106 ,
428 2069 479 2116 qui
501 2073 709 2105 Patronorum
739 2069 921 2118 dignitatem
944 2068 1197 2110 adipiscerentur,
1230 2072 1268 2105 L.
1291 2081 1333 2103 L<
1346 2080 1371 2105 i.
1389 2069 1430 2104 C.
1443 2067 1572 2104 Tlieod.
1595 2067 1634 2102 de
1657 2069 1775 2102 Decur.
1802 2071 1950 2116 Interque

289 2119 476 2166 Principales
488 2118 667 2154 crediderim
687 2116 788 2160 fuisse,
818 2119 894 2167 quos
907 2117 1043 2154 AEdilcs
1063 2119 1287 2157 nominabant,
1316 2118 1390 2153 ciim
1404 2118 1524 2153 videam
1546 2117 1692 2166 conjungi
1706 2116 1949 2152 Sacer-dotalibus

290 2169 323 2203 in
335 2168 415 2203 libro
427 2181 485 2202 xxv
497 2179 528 2201 ii
543 2181 567 2203 1.
584 2168 630 2203 lais
643 2168 760 2203 verbis:
776 2169 878 2216 Occifis
890 2170 1093 2203 Decurionibus
1105 2171 1201 2203 multis
1211 2191 1220 2208 ,
1245 2170 1321 2202 inter
1331 2177 1399 2214 quos
1415 2166 1590 2213 Rusticianus
1604 2168 1793 2202 sacerdotalis
1804 2188 1814 2204 ,
1833 2166 1871 2204 ἀ·
1884 2167 1950 2201 Ni·
1971 2172 1974 2173 ’

289 2218 376 2264 tesius
385 2219 511 2252 enitebat
524 2219 648 2253 ardna.
675 2218 812 2253 AEdiles
824 2219 908 2255 enim
925 2218 956 2253 in
968 2218 1142 2265 municipiis
1153 2217 1212 2252 dici
1234 2217 1295 2262 iam
1316 2228 1425 2252 notum
1449 2215 1501 2251 est.
1529 2216 1572 2253 Hi
1596 2229 1672 2266 ergo
1689 2225 1755 2250 non
1764 2214 1851 2250 unius
1862 2214 1924 2250 loci
1933 2216 1949 2256 ,‘

289 2266 339 2300 sed
362 2267 505 2301 omnium
526 2267 766 2314 municipiorum
789 2271 820 2302 δι
835 2269 1005 2305 Civitatum
1030 2267 1230 2315 principalem
1254 2267 1383 2315 gradum
1398 2264 1593 2302 sustinebant.
1622 2268 1710 2301 Nam
1722 2264 1753 2298 in
1767 2262 1949 2313 quibusdam

291 2316 467 2363 municipiis
484 2316 609 2352 tantum
631 2317 770 2353 AEdiles
786 2315 870 2355 fuisse
891 2342 902 2359 ,
927 2318 1010 2367 quod
1035 2316 1142 2354 cruditi
1158 2316 1355 2351 >contendunt
1375 2340 1385 2357 ,
1423 2315 1545 2351 firmare
1574 2327 1640 2352 non
1671 2312 1777 2352 ausim.
1805 2313 1950 2363 AEdiige
