2007 2658
267 94 357 139 DE
395 93 1017 142 CONSTANTINO
1055 95 1494 153 MAGNO,&c.
1635 115 1733 165 713

79 167 228 206 vitann.
250 197 257 205 .
271 195 279 203 .
295 167 465 207 Licinius
480 171 608 221 itaque
622 180 667 207 ex
681 180 783 208 nova
796 168 912 207 Dacia
925 165 1070 205 vilioris
1084 169 1255 220 originis,
1273 171 1293 207 a
1307 169 1467 209 Galerio
1480 168 1602 211 factus
1614 172 1741 225 lmpe-

77 233 206 266 rator,
229 222 345 272 Vvelut
356 221 554 263 adversum
577 226 817 263 Maxentium
837 231 1078 276 pugnaturus.
1113 220 1192 260 Sed
1216 222 1398 315 osppreffo
1426 226 1630 266 Maxentio
1648 228 1736 269 cum

76 275 278 332 recepisset
291 278 436 318 ltaliam
451 277 726 318 Constantinus
739 307 749 324 ,
783 278 858 318 hoc
873 278 1055 316 Licinium
1073 274 1219 315 foedere
1248 277 1297 316 lbi
1311 278 1404 317 fecit
1416 279 1569 335 adjungi
1588 311 1597 326 ‚
1617 295 1659 322 ut
1671 285 1735 323 Li-

72 336 195 374 cinius
221 333 483 374 Constantiam
504 333 678 374 sororem
701 333 946 375 Constantini
973 329 1072 385 apud
1093 329 1359 373 Mediolanum
1380 332 1542 374 duxisset
1562 350 1737 380 uxorem.

72 396 89 423 P
111 390 267 444 Nuptiis
277 388 478 428 celebratis
490 416 501 435 ‚
536 389 679 430 Gallias
689 394 833 444 repetit
845 387 1120 429 Constantinus
1133 414 1142 429 ‚
1178 388 1325 428 Licinio
1337 389 1383 429 ad
1399 389 1594 445 Illyricum
1608 405 1735 434 rever-

70 443 125 484 so.
160 445 250 485 Post
261 444 495 497 aliquantum
511 445 652 486 deinde
668 447 859 499 temporis
881 443 1150 484 Constantium
1172 442 1449 485 Constantinus
1471 445 1518 487 ad
1546 448 1731 491 Licinium

72 499 195 546 mifit,
228 499 461 554 persuadens
473 513 515 541 ut
528 501 715 542 Baffianus
729 500 854 541 Caesar
868 499 1007 546 fieret;
1040 502 1104 552 qui
1116 497 1278 538 habebat
1301 499 1458 540 alteram
1481 504 1725 546 Constantini

67 554 245 596 sororem
259 555 498 597 Anastafiam
510 572 519 594 :
531 570 574 597 ut
586 556 765 611 exemplo
779 555 1013 596 Diocletiani
1027 560 1064 596 &
1077 557 1299 595 Maximiani
1319 559 1420 595 inter
1434 558 1732 602 Constantinum

69 616 109 654 ὅ(
120 613 307 652 Licinium
319 611 506 653 Bassianus
521 613 665 654 ltaliam
682 612 830 654 medius
843 611 1054 651 obtineret.
1083 614 1132 650 Et
1149 612 1296 651 Licinio
1309 612 1397 652 talia
1408 611 1608 654 frustrante
1617 645 1627 659 ‚
1661 629 1732 670 per

67 668 321 709 Senicionem
338 667 659 710 Baffianifratrem
672 672 738 723 qui
749 669 897 709 Licinio
909 665 1009 707 fidus
1021 678 1102 706 erat
1115 695 1125 711 ‚
1157 669 1196 705 in
1218 668 1517 709 Constantinum
1537 669 1726 712 Bassianus

64 737 243 766 armatur.
281 725 361 780 Qi
374 737 501 766 tamen
514 729 552 765 in
571 736 715 765 conatu
737 723 999 779 deprehensus
1015 751 1024 767 ,
1055 721 1315 762 Constantino
1336 723 1501 775 jubente
1526 727 1731 768 convietus

66 785 107 822 &
121 781 257 823 stratus
271 780 334 821 est.
368 783 469 823 Cum
485 782 650 822 Sinicius
661 780 798 821 auctor
812 780 1029 820 insidiarum
1052 777 1277 832 posceretur
1288 779 1335 819 ad
1350 793 1501 833 poenam
1515 810 1528 829 ,
1557 795 1724 838 negante

62 836 214 878 Licinio
227 867 239 886 ‚
268 835 387 878 frasta
409 837 621 878 concordia
631 838 685 877 est
697 835 858 876 :additis
870 838 986 875 etiam
997 834 1127 890 causis,
1140 832 1247 888 quod
1259 834 1359 889 apud
1372 838 1605 877 AEmonam
1619 840 1730 879 Con-

61 891 217 934 stantini
229 897 410 949 imagines
422 892 632 946 statuasque
642 890 849 944 dejecerat.
884 890 1034 932 Bellum
1045 889 1186 930 deinde
1197 903 1373 942 apertum
1388 896 1577 934 convenit
1590 894 1724 935 ambo-

59 947 152 989 bus:
165 950 359 1001 utriusque
372 948 420 988 ad
431 947 673 989 Cibalensem
685 961 863 1003 campum
873 946 1010 989 duetus
1025 950 1226 987 exercitus.
1257 949 1409 988 Licinio
1420 963 1537 991 xxxv.
1558 964 1602 991 M.
1619 950 1729 1005 pedi-

58 1014 142 1044 tum
157 1009 194 1046 &
210 1007 383 1059 equitum
396 1003 516 1044 fuere.
551 1005 829 1045 Constantinus
839 1018 901 1045 xx.
915 1018 956 1044 M.
968 1003 1143 1059 peditum
1168 1006 1338 1058 equitum
1350 1003 1469 1046 duxit.
1502 1006 1619 1047 Caefis
1640 1006 1727 1061 post

52 1058 215 1101 dubium
226 1071 425 1099 certamen
436 1061 638 1100 Licinianis
650 1062 786 1116 viginti
801 1058 975 1114 peditum
991 1059 1156 1100 millibus
1171 1065 1208 1102 &
1222 1063 1394 1114 equitum
1406 1060 1652 1102 ferratorum.
1691 1063 1727 1103 1-

61 1126 142 1155 tem
155 1117 322 1156 Licinius
345 1128 431 1155 cum
443 1128 577 1172 magna
586 1128 696 1170 parte
708 1118 902 1170 equitatus
917 1116 1046 1156 noctis
1057 1116 1196 1156 auxilio
1222 1117 1441 1170 pervolavit
1462 1117 1508 1158 ad
1530 1120 1724 1159 Sirmium.

60 1171 218 1212 Sublata
227 1170 316 1211 inde
324 1184 446 1211 uxore
458 1185 500 1212 ac
512 1172 596 1212 filio
610 1177 648 1214 &
661 1172 843 1213 thesauris
855 1200 865 1217 ‚
896 1170 1066 1212 tetendit
1083 1170 1130 1211 ad
1150 1173 1308 1211 Daciam
1321 1190 1330 1212 ι
1343 1172 1550 1214 Valentem
1573 1175 1724 1216 Ducem

58 1226 194 1268 limitis
207 1226 396 1268 Caesarem
404 1225 507 1268 fecit.
540 1227 636 1268 Inde
649 1227 749 1282 apud
761 1226 1087 1283 Hadrianopolim
1098 1226 1271 1268 Thraciae
1284 1231 1485 1269 civitatem
1497 1242 1568 1283 per
1579 1233 1615 1270 V
1617 1230 1724 1270 alen-

57 1293 139 1323 tem
151 1282 318 1323 collecta
333 1285 481 1339 ingenti
493 1282 743 1324 multitudine
754 1313 763 1329 ,
795 1284 946 1341 legatos
955 1283 1003 1324 ad
1016 1282 1314 1325 Constantinum
1326 1284 1376 1325 de
1388 1298 1482 1340 pace
1497 1285 1599 1326 misit
1621 1285 1724 1340 apud

55 1338 259 1394 Philippos
269 1340 522 1381 constitutum
535 1358 543 1380 :
556 1340 693 1394 quibus
709 1338 842 1381 frustra
854 1340 1011 1381 remissis
1024 1369 1034 1386 ‚
1066 1343 1206 1380 iterum
1220 1352 1399 1396 reparato
1412 1341 1517 1381 bello
1528 1371 1538 1386 ,
1568 1345 1606 1382 in
1618 1355 1723 1383 cam-

55 1405 111 1448 po
123 1395 341 1436 Mardiense
351 1395 397 1436 ab
405 1408 572 1451 utroque
583 1399 827 1437 concurritur
838 1428 848 1445 ‚
879 1402 917 1439 &
931 1396 1017 1452 post
1027 1395 1181 1436 dubium
1194 1411 1236 1437 ac
1261 1396 1483 1438 diuturnum
1510 1398 1687 1453 proelium
1706 1426 1720 1443 ‚

54 1451 191 1491 Licinii
201 1450 370 1506 partibus
380 1452 572 1493 inclinatis
583 1453 730 1508 profuit
741 1453 871 1494 noetis
882 1454 1076 1494 auxilium.
1107 1454 1273 1494 Licinius
1287 1459 1324 1496 δί
1340 1454 1487 1495 Valens
1509 1454 1716 1494 credentes

57 1506 354 1548 Constantinum
372 1537 384 1553 ,
414 1508 522 1563 quod
543 1514 581 1551 &
605 1522 741 1550 verum
765 1520 847 1550 erat
869 1538 879 1554 ‚
907 1508 956 1550 ad
975 1508 1282 1564 persequendum
1314 1509 1503 1566 longiusa
1517 1512 1717 1566 Byzantio

53 1562 316 1616 processurum
327 1595 340 1613 ‚
366 1563 455 1604 flexi
473 1568 510 1604 in
533 1577 682 1619 partem
706 1566 879 1606 Beroeam
902 1564 1183 1605 concesserunt.
1217 1566 1275 1606 Ita
1300 1566 1579 1607 Constantinus
1598 1566 1718 1606 vehe-

53 1623 255 1659 menterin
268 1619 453 1660 ulteriora
464 1619 666 1665 festinans,
696 1619 955 1676 deprehendit
968 1622 1155 1661 Licinium
1181 1619 1402 1662 remansisse
1425 1621 1511 1677 post
1534 1634 1684 1678 tergum
1706 1640 1715 1662 :

53 1671 221 1729 fatigatis
231 1674 336 1716 bello
352 1679 541 1717 &itinere
553 1676 748 1717 militibus.
778 1674 911 1718 Missus
940 1676 1083 1717 deinde
1112 1685 1129 1712 q
1153 1676 1385 1718 Mestrianus
1410 1678 1557 1733 legatus
1579 1692 1715 1733 pacem

53 1731 169 1782 petiit
179 1757 192 1774 ,
221 1732 369 1769 Licinio
381 1731 597 1783 postulante
611 1738 649 1773 ὅ(
661 1732 876 1785 pollicente
887 1733 926 1772 se
938 1737 1125 1785 imperata
1135 1732 1335 1774 faiturum.
1365 1735 1506 1774 Denuo
1517 1733 1612 1774 ficut
1622 1735 1714 1775 ante

55 1782 277 1824 mandatum
288 1785 341 1826 est
351 1815 361 1831 ‚
394 1784 540 1825 Valens
549 1788 721 1840 privatus
733 1786 868 1827 fieret:
883 1800 963 1841 quo
974 1785 1079 1827 facto
1094 1800 1167 1842 pax
1177 1787 1222 1828 ab
1246 1788 1431 1829 ambobus
1451 1785 1604 1830 firmata
1623 1789 1676 1831 est
1703 1819 1715 1836 ,

56 1851 100 1879 ut
119 1840 286 1880 Licinius
308 1843 542 1889 Orientem,
564 1842 701 1882 Asiam
718 1871 728 1888 ‚
758 1842 961 1883 Thraciam
977 1872 987 1888 ,
1017 1843 1192 1884 Moefiam
1206 1871 1217 1889 ‚
1249 1855 1263 1871 Γ
1280 1844 1480 1886 minorem
1510 1846 1714 1901 Scythiam

55 1895 276 1950 poffideret.
307 1897 459 1939 Deinde
469 1896 640 1939 reversus
662 1898 859 1940 Serdicam
882 1898 1159 1940 Constantinus
1179 1900 1255 1940 hoc
1275 1914 1360 1941 cum
1384 1903 1531 1942 Licinio
1553 1902 1712 1942 absente

55 1951 279 1999 constituit,
306 1965 350 1994 ut
358 1954 428 1995 filii
447 1952 691 1995 Constantini
705 1955 862 2010 Crispus
877 1961 914 1998 ὃ(
929 1955 1207 1997 Constantinus
1220 1989 1229 2004 ,
1262 1957 1363 1998 filius
1376 1962 1490 1999 etiam
1505 1961 1637 1999 Licinii
1647 1959 1712 1998 Li·-

55 2009 178 2048 cinius
188 2008 354 2051 Caesares
366 2011 507 2053 fierent
516 2040 526 2057 ,
559 2015 596 2052 &
609 2008 660 2051 fic
674 2010 720 2051 ab
737 2023 903 2067 utroque
916 2011 1167 2053 concorditer
1178 2026 1410 2069 regnaretur.
1442 2017 1576 2069 Itaque
1596 2015 1707 2055 Con-

54 2099 334 2134 xandriniChronici,
352 2106 400 2140 qui
410 2104 652 2131 Maxentiiinitium
661 2101 735 2131 reste
748 2104 864 2133 collocat
931 2116 945 2134 r
965 2107 1086 2133 Minmm
1102 2105 1256 2143 Scythiam]
1278 2108 1319 2134 Sic
1328 2107 1394 2134 dista
1402 2106 1440 2134 est
1463 2116 1524 2142 pars
1540 2106 1657 2138 Moefiae,
1674 2105 1707 2136 ad

55 2145 127 2164 anno
137 2139 281 2171 Dom.306.
303 2141 383 2175 Vales.
898 2142 1095 2170 distinffioncm
1104 2143 1213 2177 majoris
1224 2144 1338 2180 Scythiae
1348 2144 1433 2174 illius,
1452 2153 1530 2179 quam
1547 2145 1707 2182 Scytharum

92 2181 110 2208 p
130 2176 232 2209 Nuptiis
242 2177 370 2204 celebratis
378 2177 475 2205 GaHias·
483 2178 600 2214 repetit]
623 2177 697 2205 Idem
706 2177 805 2214 legitur
812 2187 864 2215 pae-
892 2183 1041 2207 innumerae
1050 2187 1144 2215 gentes
1152 2179 1215 2207 oiim
1224 2181 1376 2208 incolebant
1382 2198 1390 2211 ‚
1401 2189 1433 2209 ut
1441 2181 1529 2209 scribit
1537 2182 1670 2218 jordanes
1678 2183 1705 2207 in

54 2218 90 2238 ne
98 2211 185 2237 verbis
193 2211 282 2241 iisdem
291 2214 358 2251 apud
369 2215 509 2242 Zofimum
517 2216 543 2241 in
552 2213 593 2241 lib.
602 2222 628 2242 2.
645 2213 714 2242 Idem
893 2218 995 2244 Geticis
1004 2237 1011 2248 ,
1031 2217 1074 2244 ubi
1081 2217 1114 2244 de
1124 2217 1241 2254 Tomyri
1250 2219 1350 2252 Regina
1359 2227 1365 2245 :
1374 2222 1506 2254 Inpartem
1513 2238 1520 2249 ,
1529 2221 1619 2255 inquit
1628 2239 1635 2250 ,
1643 2221 1704 2246 Ma»-

91 2255 108 2283 q
128 2247 418 2290 Mestrianuslegatm.]
440 2251 686 2287 Hujus'legationis
704 2253 781 2287 cujus
790 2253 864 2289 prin—
885 2254 931 2291 siae
949 2254 1092 2290 (quaemmc
1101 2263 1132 2280 ex
1149 2263 1243 2289 magna
1258 2255 1360 2285 Scythia
1373 2265 1459 2282 nomen
1474 2263 1606 2286 mutuata,
1625 2257 1704 2282 minor

52 2291 111 2321 ceps
120 2292 177 2311 erat
188 2286 362 2320 Mestrianus,
380 2291 501 2323 meminit
509 2291 608 2317 Petrus
622 2290 753 2317 Patricius
763 2292 790 2317 in
807 2292 863 2318 Ex·
893 2290 994 2326 Scythia
1009 2291 1042 2326 est
1056 2290 1200 2327 appeHata)
1220 2291 1342 2328 transiens
1356 2309 1363 2320 ‚
1383 2289 1437 2323 &sa
1459 2294 1494 2319 Et
1509 2293 1598 2321 multo
1616 2290 1675 2327 5³&st
1694 2296 1702 2315 ἶ

51 2323 151 2358 <ermis
158 2321 329 2359 legationum.
350 2326 425 2353 Idem.
892 2329 988 2354 Hernac
995 2337 1105 2365 quoque,
1114 2327 1200 2361 junior
1218 2328 1383 2365 Attilaefilius
1393 2347 1400 2359 ‚
1422 2339 1475 2358 cum
1500 2335 1538 2359 uia
1554 2333 1580 2358 in
1595 2328 1703 2357 e'xtremo

1108 2363 1266 2406 Xxxx
