2007 2658
23 54 27 67 ²
75 95 285 120 „mmm
304 88 329 114 ει
344 86 484 120 imus
576 79 721 106 constane
869 83 987 130 ΜΒ.
1005 86 1111 132 xx.
1133 88 1276 135 cAP.
1291 88 1395 137 vii.
1564 92 1661 154 269

103 129 132 151 x.
140 128 163 151 &t
172 124 270 157 juliano
280 125 328 147 111.
338 124 413 152 Augg.
424 116 488 143 Coss.
499 115 637 140 Anu-chi.
646 118 703 144 360.

27 166 128 226 iquis
146 183 153 208 :
167 164 375 208 Bezabden
386 189 399 209 ‚
419 172 535 214 quam
549 156 776 197 Phoenicam
789 169 949 210 quoque
977 157 1210 199 institutores
1223 173 1367 203 veteres
1391 164 1637 219 appellarunt
1648 193 1665 214 ,

28 228 53 266 'i
75 224 139 266 vei
147 220 418 279 promissorum
440 213 644 255 dulcedine
664 213 799 254 illeffis
825 212 1089 253 defensoribus
1112 226 1325 257 retenturus
1341 247 1352 264 ,
1374 224 1663 263 munimentum

28 281 211 336 mpendio
223 276 390 318 validum
403 300 415 319 ,
435 272 473 311 in
486 270 584 309 colle
596 270 841 309 mediocriter
851 269 960 309 edito
975 269 1145 323 positum
1157 301 1180 317 ,.
1196 273 1435 328 vergensque
1455 278 1494 315 in
1518 280 1660 332 margi-

27 352 77 378 223
89 334 266 391 Tigridis
277 359 290 378 ,
312 341 428 383 atque
437 326 503 366 ubi
516 326 602 366 loca
614 325 713 380 susp».
726 326 786 366 &a
803 324 886 365 sunt
897 329 935 366 ὅ(
948 325 1109 365 humilia
1122 353 1132 372 ,
1159 326 1310 380 duplici
1322 343 1435 371 muro
1449 333 1659 374 vallatum:

27 394 62 434 id
74 394 178 446 cujus
189 388 344 430 tutelam
356 395 430 424 tres
440 383 608 437 legiones
623 381 706 421 sunt
718 382 915 435 deputatae
929 410 941 429 ‚
964 381 1128 422 secunda
1143 382 1175 422 F
1180 383 1280 424 lavia
1297 414 1313 430 ,
1326 384 1571 442 secundaque
1584 392 1658 431 Ar<—

27 450 178 501 nenjaca
187 472 198 492 ,
210 448 246 484 &
262 440 439 482 Parthica
450 439 584 479 itidem
596 437 758 478 secunda
769 465 778 480 ,
804 451 895 478 cum
924 447 940 465 z
973 437 1174 493 sagittariis
1186 439 1360 493 pluribus
1387 441 1619 486 Zabdicenis
1644 473 1657 493 ‚

27 516 47 544 n
62 514 226 558 quorum
239 498 320 538 solo
332 508 424 537 tunc
437 495 547 535 nobis
559 495 912 549 obtemperantium
925 494 1001 534 hoc
1012 494 1065 534 est
1077 496 1334 550 municipium
1359 497 1541 551 positum.
1574 503 1659 543 Pri-

27 548 202 616 iioigitur
213 557 364 609 impetu
376 566 463 593 cum
480 552 631 606 agmine
642 551 981 605 cataphra&orum
994 550 1227 606 fulgentium
1252 553 1340 592 Rex
1352 552 1431 606 ipse
1454 554 1655 598 sublimior

31 604 140 655 eter‘is
153 640 165 661 ‚
176 610 386 653 castrorum
397 609 585 649 ambitum
598 607 895 648 circumcursans
907 635 919 654 ‚
935 621 1059 660 prope
1071 608 1173 647 labra
1185 608 1264 663 ipsa
1275 607 1458 649 foss'arum
1473 612 1578 650 venit
1588 627 1656 652 au-

35 671 158 711 entius
171 683 179 708 z
192 666 412 723 petitusque
428 663 657 705 ballistarum
671 663 807 704 iffibus
828 665 939 703 certis
953 667 991 703 ὃ(
1008 663 1232 717 sagittarum
1247 696 1257 713 ,
1281 664 1466 706 densitate
1500 674 1516 698 4
1543 682 1656 721 oper-

51 740 67 767 s
86 737 280 767 armorum
292 725 331 763 in
343 721 503 762 modum
518 719 716 760 testudinis
729 730 1002 759 contextorum
1014 747 1026 766 ,
1038 719 1208 760 absceffit
1220 722 1411 763 innoxius.
1443 723 1504 763 Ira
1526 734 1654 766 tamen

36 804 40 812 ‚
53 797 92 823 m
104 779 334 836 sequestrata
346 806 359 826 ,
383 775 696 818 caduceatoribus
709 774 826 815 missis
837 789 887 816 ex
900 789 1007 815 more
1018 803 1030 822 ‚
1050 776 1195 817 clausos
1209 777 1381 818 blandius
1398 778 1626 821 hortabatur
1635 813 1654 829 ,

33 849 49 879 t
61 840 149 879 vitae
160 836 319 892 speique
328 832 537 874 consulturi
547 831 743 872 obsidium.
751 830 948 872 deditione
958 831 1146 872 solverent
1158 846 1396 888 opportuna,
1407 836 1652 892 reseratisque

35 895 127 934 ortis
139 891 272 947 egressi
284 918 296 938 ,
310 888 502 944 supplices
515 888 652 929 vistori
662 889 835 942 gentium
847 887 964 928 semet
978 888 1173 929 offerrent.
1204 891 1356 944 Qiibus
1368 893 1473 932 adire
1485 896 1650 949 propius

54 949 98 990 fis
108 944 323 990 defensores
336 945 524 986 moenium
538 944 628 984 ideo
645 955 899 999 pepercerunt
912 972 925 992 ‚
947 945 1059 999 quod
1075 945 1310 987 cohaerenter
1322 948 1389 988 fibi
1407 950 1562 1002 Junstos
1575 952 1650 992 dii-

28 1014 136 1047 sserant
166 1012 178 1037 ⁵
207 1003 353 1044 hisdem
366 1010 481 1042 notos
493 1001 706 1055 ingenuos,
727 1001 894 1055 Singarae
907 1013 1045 1055 captos
1059 1015 1214 1042 :eorum
1225 1004 1325 1043 enim
1339 1004 1579 1048 miseratione
1591 1018 1650 1047 te-

23 1067 82 1113 Αζιῐῐι
95 1073 208 1102 nemo
221 1056 407 1100 contorsit
419 1084 439 1104 ,r
450 1070 519 1097 nec
530 1056 641 1110 super
652 1071 748 1111 pace
760 1056 968 1110 respondit.
993 1057 1146 1098 Deinde
1157 1059 1256 1099 datis
1268 1061 1426 1101 indutiis
1439 1062 1516 1102 diei
1527 1064 1648 1106 totius

24 1126 44 1163 ’ζ
57 1118 178 1159 notris
191 1143 203 1164 ,
213 1126 299 1156 ante
311 1114 462 1154 alterius
474 1113 568 1153 lucis
583 1114 734 1153 initium
746 1112 941 1154 Persarum
954 1114 1125 1169 populus
1136 1117 1260 1156 omnis
1271 1117 1429 1156 adortus
1443 1118 1558 1158 avide
1568 1120 1650 1160 val-

25 1166 84 1214 hm
95 1200 108 1219 ,
130 1171 345 1226 acriterque
356 1171 502 1210 minans
514 1174 557 1210 ac
568 1169 732 1211 fremens
744 1197 757 1218 ,
778 1169 842 1210 ubi
853 1168 900 1210 ad
914 1171 995 1225 ipsa
1005 1172 1150 1212 moenia
1160 1171 1400 1212 confidenter
1411 1173 1565 1214 accessit
1576 1203 1589 1222 ,
1630 1177 1648 1202 6

22 1215 209 1270 iimicabat
236 1228 276 1269 vi
296 1240 434 1281 magna
466 1226 719 1266 resistentibus
740 1227 961 1282 oppidanis.
991 1237 1004 1261 7
1033 1229 1164 1281 Qare
1184 1228 1447 1269 sauciabantur
1470 1231 1646 1285 plerique

21 1267 251 1336 iarthorum,
272 1283 385 1338 quod
397 1296 481 1337 pars
491 1282 606 1323 scalas
618 1282 797 1324 vehentes
809 1310 821 1330 ,
840 1284 905 1323 alii
915 1294 1159 1337 opponentes
1171 1285 1353 1325 vimineas
1364 1295 1508 1336 crates,
1521 1288 1644 1328 veluti

21 1357 28 1379 ι
58 1342 94 1382 ci
102 1340 311 1396 pergebant
322 1337 502 1379 introrsus
515 1366 527 1385 ,
548 1352 618 1378 nec
629 1338 763 1379 nostris
774 1339 941 1379 innocui.
972 1339 1205 1393 Sagittarum
1220 1341 1320 1379 enim
1334 1341 1456 1380 nimbi
1477 1342 1643 1383 crebrius

21 1337 203 1444 &litantes
213 1424 226 1443 ‚
253 1394 389 1435 stantes
400 1393 610 1434 confertius
622 1393 888 1448 perforabant:
905 1394 1151 1449 partibusque
1174 1395 1261 1449 post
1282 1396 1381 1436 Solis
1402 1397 1579 1437 occasum
1591 1413 1642 1439 ae-

19 1452 234 1533 &abitura
254 1449 425 1506 digressis
437 1448 861 1505 ,appetentepost-ridie
871 1450 956 1491 luce
965 1451 1158 1492 ardentius
1172 1452 1297 1492 multo
1310 1452 1430 1506 quam
1441 1464 1551 1494 antea
1564 1469 1642 1510 pu-

29 1536 51 1577 l4
70 1542 118 1579 Μ]
125 1551 243 1581 opertus.
275 1551 288 1574 5
308 1541 355 1577 Ms
362 1541 408 1568 iste
416 1543 442 1568 in
453 1548 544 1568 notos.
581 1541 599 1566 6
617 1541 665 1578 Mſs
669 1541 766 1570 dicabat
773 1543 813 1568 via
829 1541 922 1576 Rursus
938 1544 1014 1576 Sapor
1027 1542 1108 1569 tribus
1122 1541 1244 1579 mensibus
1259 1542 1348 1578 obsidet
1365 1543 1473 1578 Nisibin.
1502 1546 1569 1572 Nam
1586 1545 1642 1575 haec

19 1569 76 1617 ᾖα]
84 1582 119 1608 Et
128 1585 188 1617 q‘uae
199 1589 234 1607 re.
243 1582 275 1606 ἴε.
285 1580 326 1606 Ex
336 1588 387 1614 qua
396 1587 431 1605 re.
440 1584 468 1605 ut
475 1577 539 1604 alibi
547 1585 575 1603 ea
587 1585 623 1604 re.
829 1578 969 1604 trimestris
985 1577 1085 1605 obsidio
1103 1579 1209 1605 biennio
1223 1578 1283 1616 post
1291 1582 1405 1616 contigit
1415 1601 1422 1611 ,
1440 1589 1471 1608 ut
1480 1582 1541 1609 dixi.
1561 1585 1641 1611 Vola-

30 1615 32 1645 }
826 1614 904 1649 gesus
912 1623 1021 1641 centurn
1029 1615 1082 1641 dies
1092 1615 1194 1642 durass'e
1204 1616 1298 1643 scribit.
1321 1618 1411 1645 Tertia
1420 1618 1527 1645 demum
1538 1620 1639 1647 obfidio

19 1649 102 1683 simini
116 1652 198 1685 ripam
208 1650 297 1685 Tigris
311 1648 433 1685 superare
447 1647 525 1675 ausos
535 1657 591 1675 non
608 1650 666 1677 esse.
686 1647 804 1677 Secunda
823 1652 876 1678 fuit
891 1653 1088 1679 annoDomini
1100 1660 1155 1686 359.
1176 1653 1290 1680 Eusebio
1307 1655 1462 1692 &Hypatio
1472 1656 1544 1682 Coss.
1560 1658 1639 1691 cujus

17 1685 84 1714 aiem
97 1686 195 1713 obsidio
213 1686 308 1713 Nisibis
325 1685 686 1719 accidit‘anno‘Domini35o.
707 1687 800 1721 Sergio
824 1690 944 1716 meminit
963 1690 1119 1716 Ammianus
1135 1689 1229 1717 noster
1243 1692 1270 1717 in
1288 1690 1380 1719 lib.18.
1395 1701 1448 1727 cap⁴
1460 1701 1482 1722 7.
1504 1694 1530 1719 ὅ(
1549 1694 1640 1721 Zona-

36 1724 192 1758 Nigriniano
207 1723 281 1750 Coss.
297 1731 328 1750 ut
344 1723 440 1757 legitur
457 1724 483 1749 in
493 1722 633 1750 Chronico
644 1723 801 1751 Alexandri·
825 1735 882 1754 ras,
900 1733 932 1753 ut
946 1725 977 1751 ad
993 1735 1053 1752 eum
1064 1726 1152 1753 locum
1162 1726 1302 1754 adnotavi:
1321 1737 1349 1755 ac
1359 1727 1496 1763 postremo
1509 1729 1637 1759 Zosimus

17 1769 33 1792 n
42 1779 48 1789 ,
70 1762 96 1787 ὃ(
105 1759 171 1795 apud
180 1759 331 1787 Cedrenum
341 1758 419 1786 roste.
441 1760 547 1786 Etenim
556 1760 680 1796 Julianus
688 1763 714 1788 in
724 1762 808 1797 Orat-g
822 1763 848 1789 in
857 1762 899 1789 lib.
913 1771 935 1794 3·
958 1761 1008 1788 Sed
1017 1762 1057 1789 hic
1066 1764 1171 1789 tertiam
1179 1763 1244 1790 hanc
1253 1763 1416 1792 obsidionem
1426 1775 1571 1801 paucorum
1581 1768 1637 1795 die-

37 1798 63 1824 &
73 1804 96 1821 2.
113 1797 139 1823 iri
149 1796 243 1832 quibus
258 1805 312 1823 eam
326 1795 487 1823 obsidionem
502 1796 688 1831 elegantissime
705 1797 808 1831 deseri-J
822 1809 883 1826 rum
892 1808 953 1826 cum
962 1798 1122 1826 secundailla
1130 1800 1268 1829 confudit,
1289 1810 1320 1828 ut
1329 1801 1400 1830 rede
1411 1804 1515 1829 notavit
1523 1806 1636 1833 vireru-

42 1849 50 1860 ,
69 1832 157 1859 Persas
171 1834 205 1859 ait
221 1841 324 1868 tempus
339 1832 508 1860 observantes
525 1852 532 1863 ‚
551 1843 607 1869 quo
622 1835 808 1867 Constantius
821 1835 964 1863 ditissimus
976 1837 1007 1862 D.
1017 1838 1139 1863 Petavius
1154 1839 1179 1863 in
1189 1837 1369 1873 JulianiOrat,
1382 1849 1401 1866 i.
1423 1839 1503 1876 Vtiles:

45 1869 120 1896 ersus
128 1870 273 1906 Tyrannos
289 1872 315 1896 in
324 1869 494 1897 Occidentem
509 1872 709 1906 eratproseetus
719 1889 726 1900 ‚
747 1881 800 1898 ma·
859 1881 875 1900 z
896 1875 1044 1906 Sagittarii)-
1046 1872 1161 1908 pluribus
1169 1873 1323 1901 Zabdicenis.
1332 1877 1350 1906 J
1370 1878 1479 1904 Horum
1489 1879 1590 1905 mentio
1601 1877 1636 1905 sie

52 1907 74 1932 is
88 1915 150 1933 cum
159 1907 240 1940 copiis
249 1908 274 1933 in
286 1906 496 1941 Mesopotamiam
504 1908 623 1944 irrupisse
631 1927 638 1938 ,
660 1911 686 1937 ὃ(
697 1907 798 1937 Nisibin
819 1911 959 1937 in--Notitia
970 1910 1074 1944 Imperii
1084 1909 1131 1937 sub
1141 1912 1216 1937 Duce
1224 1910 1438 1946 Mesopotamiae:
1455 1914 1546 1940 Cohors
1555 1924 1634 1951 quar-

19 1969 27 1974 ,
48 1949 112 1970 tuor
129 1941 213 1978 prope
230 1942 358 1970 mensium
369 1942 448 1979 spatio
458 1943 597 1971 obsedisse:
617 1945 650 1973 sic
658 1947 726 1972 enirn
736 1945 798 1972 dicit
820 1946 944 1973 tadecima
960 1946 1063 1973 Valeria
1078 1946 1248 1975 Zabdenorum
1264 1948 1417 1980 Majocariri.
1437 1951 1497 1977 Hos
1505 1952 1630 1978 Romano

19 1981 27 2006 i
61 1987 138 2006 rat.2.
159 1982 250 2008 ταύτζω
265 1982 279 2012 ⁴5
294 1981 339 2008 τῖυ)
350 1982 410 2006 ’πόλιν
423 1982 572 2014 §faramunde
579 1984 663 2009 πλήθη
671 1975 807 2017 παρθυαίυπ“’
821 1991 886 2011 tunc
903 1984 1019 2018 Imperio
1036 1984 1146 2018 paruisse
1161 1984 1390 2013 ait-Marcellinus:
1411 1986 1455 2013 sed
1472 1987 1560 2021 paullo
1569 1987 1635 2023 post*

40 2017 46 2028 “
58 2018 118 2045 svesai}
132 2019 234 2051 πεμὲχεν
246 2037 253 2047 ,
273 2019 360 2044 ὁπηνίκα
375 2019 410 2043 ’032'
423 2021 442 2042 ἢ·
453 2020 561 2051 τυῢίνγων
573 2021 675 2053 βοιῶίξειν
688 2011 807 2054 minemo-i
819 2020 941 2047 cumaliis
959 2021 1110 2055 regionibus
1120 2020 1336 2056 Transtigritanis
1352 2022 1435 2049 dedita
1444 2022 1504 2050 esta
1518 2025 1632 2057 Joviano

44 2061 70 2079 m
82 2052 224 2081 confirmat
240 2053 401 2080 Themistius
417 2055 442 2079 in
460 2053 515 2081 fine
529 2056 604 2081 Orat.
616 2064 653 2087 ¹4.
674 2055 807 2092 Denique*
824 2057 969 2084 Zabdicena
981 2076 987 2086 ‚
1008 2065 1038 2082 ut
1055 2057 1239 2085 Marcellinus,
1263 2057 1405 2087 Zofimus,
1426 2056 1631 2096 Petrt‘ii'quePa-

43 2098 115 2117 naras
129 2093 174 2125 qui
188 2093 215 2117 in
224 2089 302 2125 gestis
312 2090 484 2117 Constantini
501 2091 619 2119 filiorum
636 2086 807 2119 commemo-³
822 2096 914 2121 rricius
933 2093 1073 2120 affirmant.
1095 2095 1126 2120 In
1145 2103 1172 2120 ea
1189 2095 1299 2129 regione
1313 2104 1370 2122 erat
1387 2096 1495 2132 opidum
1512 2098 1633 2125 Bezabde

44 2125 82 2153 dis
95 2126 174 2154 solito
182 2126 335 2162 diligentior
342 2127 401 2154 fuit.
421 2129 461 2153 Ex
472 2137 528 2163 quo
538 2131 563 2156 ὃ(
572 2137 605 2155 ex
623 2129 740 2164 Volagesi
750 2126 807 2167 NL}
821 2131 886 2158 teste
897 2129 1051 2158 Marcellino
1063 2140 1069 2157 ε
1089 2131 1162 2166 quod
1172 2131 1330 2159 vocabulum
1338 2133 1547 2161 Zabdicenorum
1556 2137 1629 2171 Syro

3 2169 5 2186 2
49 2164 75 2189 ni
89 2163 209 2200 Episcopi
223 2166 268 2198 qui
283 2163 383 2201 Jacobo
401 2164 554 2192 successerat
564 2186 570 2195 ,
589 2165 720 2200 Epistola,
741 2169 806 2194 tota*
820 2168 944 2195 sermone
952 2166 1097 2203 significare
1110 2168 1232 2197 videtur,
1251 2167 1295 2195 seu
1305 2168 1512 2204 potiusdomurn
1525 2170 1628 2202 Zabdae‚

0 2206 3 2222 ἱ
37 2200 74 2227 'us
82 2199 222 2228 obsidionis
230 2198 337 2227 historia
344 2201 456 2235 petenda
465 2202 510 2229 est.
530 2203 596 2236 Ejus
606 2203 730 2239 Epistolae
739 2212 799 2239 par—
820 2213 850 2232 ut
861 2205 974 2239 Scaliger
989 2204 1019 2230 ad
1028 2204 1132 2230 Eusebii
1148 2205 1315 2232 Chronicum
1329 2206 1473 2234 adnotavit.
1501 2208 1628 2236 Eamdem

55 2237 136 2263 refert
150 2238 243 2265 aussor
252 2238 382 2265 Chronici
393 2238 572 2267 Alexandrini.
592 2241 632 2266 Ex
643 2240 681 2267 liis
689 2249 796 2276 apparet
823 2243 850 2269 &
866 2242 1016 2268 Phoenicam
1032 2242 1129 2267 Graeco
1145 2242 1276 2269 vocabulo
1290 2244 1448 2272 Macedones
1461 2244 1628 2281 appellarunt

39 2273 44 2278 ”
57 2274 254 2313 Hieronymum
269 2293 277 2306 ,
301 2276 384 2313 qui-in
398 2285 469 2304 anno
483 2278 595 2305 Domini
612 2280 669 2310 348.
691 2277 775 2306 scribit
789 2288 794 2305 :
818 2279 848 2307 ab
857 2278 922 2308 urbe
929 2279 1003 2314 Epiri
1012 2277 1143 2305 Phoenica.
1163 2277 1239 2316 Idem.

1003 2314 1117 2370 L13
