2007 2658
277 113 378 166 722
749 78 1569 135 EXCERPTA

280 170 435 215 noscere
458 165 523 207 cui
544 175 709 219 regnum
732 159 866 216 postea
893 159 1074 200 traderet.
1112 156 1227 197 Unus
1248 153 1409 208 quidem
1433 154 1471 194 in
1485 167 1564 194 uno
1577 152 1680 195 ledto
1700 152 1737 194 se
1754 155 1950 209 jactavit*

285 230 369 271 duo
381 225 484 266 enim
497 223 534 263 in
547 221 624 261 alio
635 232 766 260 amore
776 217 946 258 fraterno
957 216 992 256 se
1013 214 1331 254 conlocaverunt.
1365 211 1418 252 Et
1439 212 1494 252 ita
1515 211 1684 267 contigit
1698 239 1711 260 ,
1743 221 1788 253 ut
1812 213 1851 253 in
1872 214 1941 256 illo

286 285 390 327 letto
407 281 475 323 ubi
489 291 650 334 regnum
662 275 832 331 positum
844 284 948 321 erat,
977 271 1103 312 nullus
1114 281 1249 309 eorum
1274 268 1474 309 dormiret.
1507 269 1616 310 Dum
1639 268 1723 310 haec
1753 268 1908 311 vidisset
1928 298 1954 320 ,.
1986 300 1989 305 Α

290 340 418 396 coepit
429 338 602 393 cogitare
618 335 718 375 intra
731 331 767 372 se
779 335 816 374 &
829 330 956 371 dicere
968 357 981 376 ,
1011 328 1058 367 co
1070 326 1183 380 quud
1195 325 1320 366 nullus
1331 338 1468 366 eorum
1481 336 1656 381 regnaret
1671 342 1679 366 :
1695 327 1822 381 coepit
1836 293 1992 374 orare-3.

291 395 423 442 Deum
438 422 451 443 ,
476 404 519 435 ut
533 392 588 433 illi
599 389 782 433 revelatio
795 386 903 428 fieret
915 413 926 433 ‚
958 395 999 424 ut
1014 383 1105 423 scire
1119 381 1236 437 possit
1246 382 1342 423 dum
1356 382 1570 431 adviveret,
1583 383 1653 438 qui
1666 381 1753 437 post
1763 384 1945 425 occasum
1973 382 1982 435 f

288 456 370 510 ejus
384 464 547 507 regnum
560 447 773 502 susciperet.
806 444 906 484 Haec
918 441 1056 481 eodem
1070 440 1270 494 cogitante
1281 442 1319 480 ὃ(
1331 449 1466 479 orante
1477 452 1566 480 cum
1574 441 1724 494 jejunio
1738 469 1749 486 ‚
1773 441 1954 495 quadam·
1978 435 1990 463 ·’

289 510 412 557 noctu
423 505 524 550 vidit
540 504 751 553 hominem,
765 501 835 555 qui
847 501 900 539 ita
912 512 957 538 eu
964 511 1000 536 m
1013 497 1228 537 admonuit:
1245 493 1426 537 Crastino
1438 496 1508 550 qui
1522 496 1593 536 tibi
1610 498 1757 550 primus
1768 498 1868 538 intra
1878 512 1950 539 cu-.

290 566 466 611 biculum
480 563 677 605 nuntiatus
692 558 821 602 fuerit,
834 556 912 609 ipse
924 554 1089 607 accipiet
1105 551 1193 608 post
1207 564 1245 593 te
1259 566 1422 608 regnum
1438 553 1635 593 tuum.1ta
1649 553 1796 596 factum
1809 554 1865 595 est
1877 583 1889 603 ,
1901 565 1948 596 ut

318 619 561 674 ustinus,'qui
575 618 721 658 Comes
732 623 812 653 erat
825 611 1112 652 Excubitorum
1129 637 1140 657 ,
1153 609 1249 650 dum
1265 608 1475 650 advenisset
1489 609 1557 650 ubi
1567 609 1737 651 directus
1748 608 1874 652 fuerat
1899 611 1962 652 ab:-
1980 637 1983 641 -

353 687 545 736 peratore,
559 667 885 724 renuntiaretzipse
895 668 932 708 ei
943 668 1140 708 nuntiatus
1158 665 1211 706 est
1222 667 1371 721 primus
1386 680 1451 720 per
1463 665 1719 720 Praepofitum
1743 667 1946 709 Cubiculi.

291 737 480 788 Cumque
492 733 575 771 haec
589 726 830 783 cognovisset
854 753 865 774 ‚
894 725 1022 780 coepit
1045 724 1186 780 gratias
1219 725 1307 764 Deo
1342 722 1481 764 referre
1492 751 1511 770 ,.
1535 724 1605 778 qui
1633 724 1669 765 ei
1690 724 1880 778 dignatus⁴
1894 723 1958 766 estt

291 792 458 836 revelare
471 783 927 837 successorem.Ct‘1mque
941 782 1023 822 haec
1037 781 1144 835 apud
1155 780 1191 820 se
1202 780 1320 820 tacite
1329 781 1532 829 habuisset,
1545 780 1722 835 quodam
1735 781 1800 821 die
1812 795 1967 836 proce··
1982 797 1986 800 ·

291 850 386 892 dens
400 847 618 898 Imperator
630 869 643 890 ,
654 841 750 882 dum
762 838 919 880 festinus
931 838 1045 880 vellet
1057 839 1080 877 εὶ
1089 838 1207 878 latere
1231 837 1486 892 Imperatoris
1507 837 1661 878 transire
1672 865 1685 885 ,
1718 836 1964 892 obsequiume

290 905 469 946 ordinare
485 900 628 941 vellens
644 897 831 945 ‚calcavit
843 895 1378 950 chlamydemlmperatoris:
1396 895 1461 934 cui
1473 895 1691 949 Imperator
1708 894 1787 935 hoc
1799 896 1965 939 tantimv

292 961 396 1009 dixit
409 975 424 999 :.
439 956 550 1014 Qud
561 954 715 1002 festinas
727 961 739 994 ἓ
772 953 883 996 Nam
895 952 1033 993 ultima
1044 951 1124 992 vita
1137 951 1244 1005 regni
1256 949 1313 991 sui
1322 961 1519 1005 temptans
1529 964 1621 991 eum
1635 951 1827 993 Diabolus
1840 979 1867 996 ,.
1881 965 1965 992 vo«

292 1018 372 1059 lens
383 1015 524 1057 ieecam
534 1013 815 1060 Eunomianam
829 1010 937 1064 {equi
950 1024 957 1047 :
973 1021 1090 1063 quem
1107 1006 1278 1062 populus
1290 1007 1416 1047 fidelis
1429 1005 1601 1062 repress'it
1613 1035 1626 1054 ,
1652 1008 1707 1048 ita
1719 1018 1762 1048 ut
1775 1007 1962 1048 eLinEc-.

293 1072 664 1124 clefiassclamaretur:
680 1069 723 1109 In
742 1068 940 1108 Trinitate
950 1064 1122 1106 lanceola
1133 1077 1211 1104 non
1222 1064 1356 1104 mittis,
1370 1062 1469 1103 Non
1482 1061 1748 1117 postmultum
1763 1065 1970 1117 temporie-

292 1131 333 1180 in
355 1127 547 1177 lecitofsuo
569 1128 670 1168 intra
697 1125 832 1166 urbem
862 1120 1250 1176 Constantinopolim
1275 1119 1414 1160 morbo
1437 1126 1806 1161 tentusextremam
1817 1119 1963 1162 clausit

292 1187 416 1238 diem.

293 1239 296 1241 ’
321 1239 323 1241 ’
351 1243 482 1299 Igitur
494 1243 588 1285 Rex
605 1239 879 1282 Theodericus
901 1235 1113 1277 inliteratus
1132 1245 1212 1275 erat
1227 1262 1239 1282 ‚
1269 1237 1307 1274 δὲ
1339 1232 1356 1259 ¹³
1376 1231 1426 1274 fic
1449 1231 1594 1272 obruto
1615 1231 1718 1274 sensu
1731 1260 1742 1279 ‚
1774 1245 1819 1274 ut
1839 1231 1970 1274 inde-2

295 1313 384 1347 cem
395 1312 516 1347 annos
539 1298 647 1354 regni
667 1296 724 1337 sui
745 1306 915 1350 quatuor
927 1293 1072 1334 litteras
1083 1288 1374 1346 subscriptionis
1382 1288 1500 1335 edicti
1518 1287 1575 1329 sui
1585 1287 1730 1331 discere
1739 1289 1969 1332 nullatenus.-

295 1357 496 1413 potuiffet.
535 1357 599 1398 De
610 1368 689 1409 qua
700 1352 929 1393 relaminam
941 1362 1093 1390 auream
1104 1347 1211 1405 juss'it
1222 1345 1466 1389 interrasilem
1481 1344 1565 1387 fieri
1577 1373 1590 1393 ,
1618 1357 1790 1401 quatuor
1808 1346 1970 1396 litteras-

297 1413 643 1470 Regissshabentem
656 1439 669 1459 ,
691 1409 851 1451 Theod.
866 1419 909 1448 ut
922 1406 948 1446 sl
970 1404 1199 1448 subscribere
1209 1401 1414 1452 voluisset,
1433 1401 1712 1458 pofitalamina
1723 1403 1969 1459 super-„chars-

296 1481 378 1520 tam
392 1498 406 1519 ,
438 1483 508 1525 per
529 1483 615 1510 eam
636 1480 762 1524 penna
781 1466 940 1507 duceret
967 1491 980 1512 ,
995 1463 999 1467 '
1012 1467 1051 1505 Sc
1073 1460 1306 1518 subscriptio
1325 1461 1406 1515 ejus
1425 1460 1580 1503 tantum
1601 1460 1828 1506 videretur..
1845 1461 1973 1516 Ergo·-

296 1527 572 1574 Theodericus
584 1526 679 1567 dato
692 1522 911 1565 Consulatu
925 1520 1139 1562 Eutharico
1151 1519 1294 1561 Romae
1306 1520 1350 1560 &v
1360 1517 1559 1561 Ravennae
1571 1517 1830 1571 triumphavit
1840 1545 1853 1566 ,
1885 1517 1971 1573 qui,

298 1583 534 1632 Eutharicus
545 1584 659 1629 nimis
673 1580 781 1635 asper
792 1578 867 1620 fuit
879 1607 892 1626 ,
919 1582 958 1624 ὃς
970 1589 1107 1628 contra
1118 1576 1237 1619 fidem
1259 1573 1517 1618 Catholicam
1533 1574 1726 1616 inimicus.
1757 1573 1856 1615 Post.
1872 1573 1954 1615 haec

298 1639 742 1688 TheodericoVeronae
765 1634 990 1676 consistente
1005 1645 1168 1689 propter
1188 1643 1338 1675 metum
1363 1632 1563 1685 gentium,
1595 1631 1697 1673 faeta
1707 1629 1762 1670 est
1787 1629 1955 1672 lis.inter

300 1695 538 1738 Christianos
549 1694 759 1751 &Judaeos
776 1692 993 1733 Ravennae:
1026 1703 1147 1744 quare
1158 1688 1290 1744 Judaei
1312 1687 1537 1741 baptizatos
1561 1687 1734 1728 nolentes
1753 1687 1848 1728 dum
1870 1686 1972 1727 livi-.

299 1753 422 1801 demta
451 1751 675 1807 frequenter
701 1750 872 1790 oblatam
892 1749 930 1789 in
955 1760 1057 1800 aqua
1076 1746 1247 1787 fluminis
1263 1743 1518 1798 jaCtaverunt.
1547 1744 1703 1788 Dehinc
1713 1740 1955 1784 accensusest

301 1810 475 1864 populus
484 1823 564 1855 non
576 1807 806 1849 reservantes
821 1818 949 1859 neque
961 1803 1080 1858 Regi,
1092 1815 1219 1857 neque
1230 1798 1445 1846 Eutharico
1457 1827 1470 1847 ,
1500 1811 1567 1843 aut
1579 1799 1697 1841 Petro
1709 1802 1780 1854 qui
1798 1811 1893 1845 tunc
1906 1798 1973 1839 E-.·

301 1866 486 1922 piscopus
498 1875 578 1907 erat
589 1893 603 1913 ‚
627 1874 642 1892 <³
667 1862 938 1917 consurgentes
950 1860 1239 1916 ad-Synagogas
1248 1880 1261 1902 ‚
1273 1869 1369 1898 mox
1381 1869 1443 1896 eas
1457 1856 1707 1899 incenderunt
1722 1856 1907 1910 :,quod·&
1918 1856 1973 1907 im

301 1923 553 1969 cenaffieadem
576 1921 747 1962 similiter
770 1919 950 1973 contigit.
984 1915 1233 1972 MoxJudaei
1251 1913 1659 1958 currentcsVeronarn
1669 1913 1740 1953 ubi
1751 1913 1842 1954 Rex
1854 1922 1975 1963 erata}

300 1990 440 2036 agente
468 1978 486 2006 d
505 1979 693 2021 Triwane
714 1974 932 2030 Praeposito
944 1973 1130 2015 Cubiculi
1142 1988 1153 2014 z
1166 1976 1204 2015 &
1217 1969 1297 2025 ipse
1309 1969 1512 2012 haereticus
1524 1969 1657 2012 favens
1665 1969 1817 2026 Judaeis
1833 1997 1846 2018 ,
1875 1967 1976 2017 insi-2

339 2074 355 2099 b
375 2075 414 2100 Sic
423 2071 612 2110 obrutosenfia]
635 2070 792 2108 Legendum
806 2068 930 2098 viderur.
950 2065 1020 2095 bruto
1032 2065 1112 2102 sensu.
1138 2074 1212 2096 mum
1220 2063 1598 2102 encaustotinetumjustinus
1609 2062 1733 2091 ministro
1742 2070 1852 2090 manum
1861 2059 1977 2097 regen-l·

303 2108 501 2138 Theodericum
512 2109 572 2141 fine
580 2112 745 2145 ἀγᾱίμμιιτοι
753 2107 830 2136 fuisse
837 2107 991 2141 Procopius
1000 2104 1078 2132 docet
1087 2107 1114 2133 in
1137 2113 1163 2132 te
1173 2105 1296 2133 ducebat.
1315 2105 1389 2130 utair
1398 2104 1549 2139 Procopius
1558 2104 1584 2129 in
1595 2101 1751 2129 Anecdotis.
1773 2097 1854 2135 mules:
1984 2098 1994 2114 '

303 2146 344 2173 lib.
356 2148 460 2174 1.Gorli
472 2150 498 2174 ὠς
508 2148 554 2182 elge:
564 2150 737 2181 οῐθιυδόμχφ.
744 2146 880 2177 manahem
889 2145 908 2179 u)
923 2145 978 2176 me)
991 2154 1115 2178 yypapaa-
1174 2151 1188 2169 c
1209 2141 1387 2176 consurgentes
1394 2139 1430 2167 ad
1437 2141 1607 2176 synagogas]
1626 2139 1699 2166 Idem
1710 2140 1805 2165 Romae
1822 2133 1978 2171 contigisset.-

303 2196 348 2211 σιω
356 2187 600 2219 ἐᾶεσυῐκείιὺὁχων.
623 2184 714 2212 Nihilo
730 2184 865 2211 literni-ior
881 2180 972 2208 nfflem
986 2183 1116 2216 tempori·
1130 2179 1219 2206 ¹dosct
1229 2177 1410 2206 Camodorus
1420 2179 1445 2205 in
1456 2179 1505 2214 Ep.
1516 2177 1642 2210 43-11'b-4·
1661 2175 1739 2204 Idem.
1960 2191 1966 2195 -

303 2220 389 2249 busin
401 2222 515 2248 orn-nte
526 2220 802 2258 regnabatjustinus.
824 2220 871 2256 qui
889 2227 922 2246 ne
938 2227 1038 2246 nomi-n
1057 2220 1118 2254 qui·
1179 2217 1195 2244 d
1216 2218 1333 2244 Triwane
1352 2215 1478 2251 Pru-polire
1500 2214 1644 2251 Cubicula]
1667 2215 1717 2240 Hic
1737 2210 1774 2238 cst
1786 2228 1793 2239 .
1816 2212 1842 2237 ni
1858 2207 1975 2241 fallor-P

303 2257 362 2290 dem
373 2257 449 2284 suum
461 2259 702 2286 wiberenoverat.
726 2259 819 2294 ltaque
828 2263 860 2285 ut
868 2255 1119 2284 finitionibussub-
1147 2264 1226 2292 quem
1238 2252 1371 2281 Boethius
1386 2254 1413 2279 in
1431 2252 1500 2280 libro
1509 2255 1598 2289 primo
1615 2251 1648 2278 de
1664 2249 1883 2279 Consolatione,
1902 2245 1979 2281 ’nie-⁶

303 2295 426 2326 scriberet
454 2295 505 2321 hoc
516 2299 697 2331 excogitatum
715 2295 762 2323 cst.
783 2292 897 2322 Tabellae
913 2293 1004 2329 lignea:
1022 2292 1131 2331 formae,
1149 2292 1259 2331 guillam
1271 2297 1348 2320 vemt
1360 2307 1368 2320 2
1387 2291 1465 2328 regia·
1475 2288 1766 2325 Praeposnumdomus.
1785 2285 1860 2324 Idem,

299 2340 419 2369 quatuor
434 2333 596 2370 literarum]
610 2342 626 2361 υ
640 2342 651 2361 s
670 2342 695 2361 τ.
711 2332 796 2363 incisa:
812 2331 889 2363 sunt»
909 2338 957 2368 per
975 2339 1039 2369 quas
1058 2331 1130 2368 cala-⁴
