<?xml version="1.0" encoding="UTF-8"?>
<!DOCTYPE html PUBLIC "-//W3C//DTD XHTML 1.0 Transitional//EN"
    "http://www.w3.org/TR/xhtml1/DTD/xhtml1-transitional.dtd">
<html xmlns="http://www.w3.org/1999/xhtml" xml:lang="en" lang="en">
 <head>
  <title>
</title>
<meta http-equiv="Content-Type" content="text/html;charset=utf-8" />
  <meta name='ocr-system' content='tesseract 3.04.00' />
  <meta name='ocr-capabilities' content='ocr_page ocr_carea ocr_par ocr_line ocrx_word'/>
</head>
<body>
  <div class='ocr_page' id='page_1' title='image "ammianimarcellin00ammi_0777.png"; bbox 0 0 2007 2658; ppageno 0'>
   <div class='ocr_carea' id='block_1_1' title="bbox 10 307 22 831">
    <p class='ocr_par' dir='ltr' id='par_1_1' title="bbox 10 307 22 831">
     <span class='ocr_line' id='line_1_1' title="bbox 10 307 22 831; baseline 0 0"><span class='ocrx_word' id='word_1_1' title='bbox 10 307 22 831; x_wconf 95' lang='lat' dir='ltr'><strong> </strong></span> 
     </span>
    </p>
   </div>
   <div class='ocr_carea' id='block_1_2' title="bbox 0 68 1752 1672">
    <p class='ocr_par' dir='ltr' id='par_1_2' title="bbox 61 68 1752 1334">
     <span class='ocr_line' id='line_1_2' title="bbox 159 68 1750 155; baseline 0.004 -28"><span class='ocrx_word' id='word_1_2' title='bbox 159 68 969 140; x_wconf 40' lang='lat' dir='ltr'><strong>{tlffltffitffi{5³51titt}attentates:‚²55</strong></span> <span class='ocrx_word' id='word_1_3' title='bbox 1005 77 1314 131; x_wconf 73' lang='lat' dir='ltr'><strong>Llssxxxt.</strong></span> <span class='ocrx_word' id='word_1_4' title='bbox 1342 85 1431 132; x_wconf 84' lang='lat' dir='ltr'><strong>CA</strong></span> <span class='ocrx_word' id='word_1_5' title='bbox 1439 86 1486 136; x_wconf 80' lang='lat' dir='ltr'><strong>P.</strong></span> <span class='ocrx_word' id='word_1_6' title='bbox 1497 86 1581 138; x_wconf 83' lang='lat' dir='ltr'><strong>IV.</strong></span> <span class='ocrx_word' id='word_1_7' title='bbox 1653 91 1717 148; x_wconf 74' lang='lat'><strong>57</strong></span> <span class='ocrx_word' id='word_1_8' title='bbox 1727 110 1750 155; x_wconf 83' lang='lat'><em>5</em></span> 
     </span>
     <span class='ocr_line' id='line_1_3' title="bbox 89 147 1752 215; baseline 0.011 -26"><span class='ocrx_word' id='word_1_9' title='bbox 89 147 224 189; x_wconf 84' lang='lat' dir='ltr'><strong>limitis</strong></span> <span class='ocrx_word' id='word_1_10' title='bbox 235 161 305 202; x_wconf 91' lang='lat' dir='ltr'><strong>per</strong></span> <span class='ocrx_word' id='word_1_11' title='bbox 316 147 513 195; x_wconf 86' lang='lat' dir='ltr'>Arabiam,</span> <span class='ocrx_word' id='word_1_12' title='bbox 524 161 613 189; x_wconf 90' lang='lat' dir='ltr'><strong>cum</strong></span> <span class='ocrx_word' id='word_1_13' title='bbox 629 148 885 203; x_wconf 84' lang='lat' dir='ltr'>Lagarimano</span> <span class='ocrx_word' id='word_1_14' title='bbox 895 153 934 191; x_wconf 74' lang='grc' dir='ltr'><strong>δε</strong></span> <span class='ocrx_word' id='word_1_15' title='bbox 949 151 1222 206; x_wconf 87' lang='lat' dir='ltr'><strong>Optimatibus</strong></span> <span class='ocrx_word' id='word_1_16' title='bbox 1237 158 1319 198; x_wconf 83' lang='lat' dir='ltr'><strong>aliis</strong></span> <span class='ocrx_word' id='word_1_17' title='bbox 1334 160 1508 215; x_wconf 88' lang='lat' dir='ltr'><strong>adusque</strong></span> <span class='ocrx_word' id='word_1_18' title='bbox 1520 164 1700 209; x_wconf 87' lang='lat' dir='ltr'><strong>vicefimu</strong></span> <span class='ocrx_word' id='word_1_19' title='bbox 1711 157 1752 206; x_wconf 77' lang='lat' dir='ltr'><strong>m</strong></span> 
     </span>
     <span class='ocr_line' id='line_1_4' title="bbox 87 203 1750 266; baseline 0.012 -22"><span class='ocrx_word' id='word_1_20' title='bbox 87 204 259 258; x_wconf 83' lang='lat' dir='ltr'>lapidem</span> <span class='ocrx_word' id='word_1_21' title='bbox 272 204 375 245; x_wconf 80' lang='lat' dir='ltr'><strong>misit</strong></span> <span class='ocrx_word' id='word_1_22' title='bbox 385 232 399 252; x_wconf 91' lang='lat'>‚</span> <span class='ocrx_word' id='word_1_23' title='bbox 429 203 595 245; x_wconf 90' lang='lat' dir='ltr'><strong>hostium</strong></span> <span class='ocrx_word' id='word_1_24' title='bbox 608 203 871 259; x_wconf 87' lang='lat' dir='ltr'>speculaturos</span> <span class='ocrx_word' id='word_1_25' title='bbox 887 206 1098 249; x_wconf 89' lang='lat' dir='ltr'><strong>adventum</strong></span> <span class='ocrx_word' id='word_1_26' title='bbox 1109 237 1122 256; x_wconf 91' lang='lat'>,</span> <span class='ocrx_word' id='word_1_27' title='bbox 1157 213 1236 266; x_wconf 87' lang='lat' dir='ltr'><strong>ipse</strong></span> <span class='ocrx_word' id='word_1_28' title='bbox 1249 215 1369 254; x_wconf 82' lang='lat' dir='ltr'><strong>aciem</strong></span> <span class='ocrx_word' id='word_1_29' title='bbox 1381 217 1490 256; x_wconf 91' lang='lat' dir='ltr'><strong>nullo</strong></span> <span class='ocrx_word' id='word_1_30' title='bbox 1502 220 1680 262; x_wconf 81' lang='lat' dir='ltr'>turbante</span> <span class='ocrx_word' id='word_1_31' title='bbox 1692 225 1750 264; x_wconf 85' lang='lat' dir='ltr'><strong>in·</strong></span> 
     </span>
     <span class='ocr_line' id='line_1_5' title="bbox 87 259 1747 331; baseline 0.012 -31"><span class='ocrx_word' id='word_1_32' title='bbox 87 261 200 301; x_wconf 89' lang='lat' dir='ltr'><strong>terim</strong></span> <span class='ocrx_word' id='word_1_33' title='bbox 212 259 370 301; x_wconf 87' lang='lat' dir='ltr'><strong>struens.</strong></span> <span class='ocrx_word' id='word_1_34' title='bbox 403 259 552 301; x_wconf 73' lang='lat' dir='ltr'><strong>Verum</strong></span> <span class='ocrx_word' id='word_1_35' title='bbox 566 260 684 314; x_wconf 77' lang='lat' dir='ltr'><strong>longe</strong></span> <span class='ocrx_word' id='word_1_36' title='bbox 695 261 804 302; x_wconf 90' lang='lat' dir='ltr'><strong>aliter</strong></span> <span class='ocrx_word' id='word_1_37' title='bbox 815 262 934 317; x_wconf 78' lang='lat' dir='ltr'><strong>quam</strong></span> <span class='ocrx_word' id='word_1_38' title='bbox 945 264 1098 305; x_wconf 84' lang='lat' dir='ltr'><strong>rebatur</strong></span> <span class='ocrx_word' id='word_1_39' title='bbox 1110 268 1253 307; x_wconf 73' lang='lat' dir='ltr'><strong>evenit.</strong></span> <span class='ocrx_word' id='word_1_40' title='bbox 1285 271 1426 311; x_wconf 88' lang='lat' dir='ltr'><strong>Hunni</strong></span> <span class='ocrx_word' id='word_1_41' title='bbox 1435 274 1537 314; x_wconf 88' lang='lat' dir='ltr'><strong>enim</strong></span> <span class='ocrx_word' id='word_1_42' title='bbox 1570 277 1593 331; x_wconf 65' lang='grc' dir='ltr'>ζ</span> <span class='ocrx_word' id='word_1_43' title='bbox 1603 288 1647 317; x_wconf 90' lang='lat' dir='ltr'><strong>ut</strong></span> <span class='ocrx_word' id='word_1_44' title='bbox 1660 277 1747 321; x_wconf 86' lang='lat' dir='ltr'><strong>sunt</strong></span> 
     </span>
     <span class='ocr_line' id='line_1_6' title="bbox 89 314 1749 386; baseline 0.01 -30"><span class='ocrx_word' id='word_1_45' title='bbox 89 317 130 356; x_wconf 84' lang='lat' dir='ltr'><strong>in</strong></span> <span class='ocrx_word' id='word_1_46' title='bbox 145 317 366 371; x_wconf 68' lang='lat' dir='ltr'><strong>conjeEhira</strong></span> <span class='ocrx_word' id='word_1_47' title='bbox 382 314 567 370; x_wconf 85' lang='lat' dir='ltr'><strong>sagaces)</strong></span> <span class='ocrx_word' id='word_1_48' title='bbox 598 317 887 359; x_wconf 84' lang='lat' dir='ltr'><strong>multitudinem</strong></span> <span class='ocrx_word' id='word_1_49' title='bbox 899 319 971 360; x_wconf 84' lang='lat' dir='ltr'><strong>esse</strong></span> <span class='ocrx_word' id='word_1_50' title='bbox 992 320 1145 375; x_wconf 77' lang='lat' dir='ltr'><strong>longius</strong></span> <span class='ocrx_word' id='word_1_51' title='bbox 1165 322 1338 377; x_wconf 86' lang='lat' dir='ltr'><strong>aliquam</strong></span> <span class='ocrx_word' id='word_1_52' title='bbox 1360 326 1562 381; x_wconf 85' lang='lat' dir='ltr'><strong>suspicati,</strong></span> <span class='ocrx_word' id='word_1_53' title='bbox 1590 345 1749 386; x_wconf 80' lang='lat' dir='ltr'><strong>praeter-</strong></span> 
     </span>
     <span class='ocr_line' id='line_1_7' title="bbox 84 372 1747 437; baseline 0.008 -25"><span class='ocrx_word' id='word_1_54' title='bbox 84 372 204 414; x_wconf 85' lang='lat' dir='ltr'><strong>miffis</strong></span> <span class='ocrx_word' id='word_1_55' title='bbox 217 386 318 427; x_wconf 88' lang='lat' dir='ltr'><strong>quos</strong></span> <span class='ocrx_word' id='word_1_56' title='bbox 330 372 507 413; x_wconf 83' lang='lat' dir='ltr'><strong>viderant</strong></span> <span class='ocrx_word' id='word_1_57' title='bbox 517 399 530 419; x_wconf 91' lang='lat'>,</span> <span class='ocrx_word' id='word_1_58' title='bbox 562 373 601 412; x_wconf 91' lang='lat' dir='ltr'><strong>in</strong></span> <span class='ocrx_word' id='word_1_59' title='bbox 615 375 787 428; x_wconf 90' lang='lat' dir='ltr'><strong>quietem</strong></span> <span class='ocrx_word' id='word_1_60' title='bbox 801 387 1001 429; x_wconf 87' lang='lat' dir='ltr'><strong>tamquam</strong></span> <span class='ocrx_word' id='word_1_61' title='bbox 1011 377 1119 417; x_wconf 90' lang='lat' dir='ltr'><strong>nullo</strong></span> <span class='ocrx_word' id='word_1_62' title='bbox 1131 378 1306 419; x_wconf 91' lang='lat' dir='ltr'><strong>obstante</strong></span> <span class='ocrx_word' id='word_1_63' title='bbox 1322 383 1547 437; x_wconf 81' lang='lat' dir='ltr'><strong>compositis</strong></span> <span class='ocrx_word' id='word_1_64' title='bbox 1559 413 1570 432; x_wconf 91' lang='lat'>‚</span> <span class='ocrx_word' id='word_1_65' title='bbox 1606 396 1625 423; x_wconf 75' lang='lat' dir='ltr'>g</span> <span class='ocrx_word' id='word_1_66' title='bbox 1643 403 1747 430; x_wconf 85' lang='lat' dir='ltr'><strong>rum.</strong></span> 
     </span>
     <span class='ocr_line' id='line_1_8' title="bbox 81 427 1742 495; baseline 0.006 -26"><span class='ocrx_word' id='word_1_67' title='bbox 81 439 199 482; x_wconf 91' lang='lat' dir='ltr'><strong>pente</strong></span> <span class='ocrx_word' id='word_1_68' title='bbox 213 429 337 470; x_wconf 58' lang='lat' dir='ltr'><strong>notris</strong></span> <span class='ocrx_word' id='word_1_69' title='bbox 347 427 520 468; x_wconf 81' lang='lat' dir='ltr'><strong>tenebras</strong></span> <span class='ocrx_word' id='word_1_70' title='bbox 534 428 645 469; x_wconf 89' lang='lat' dir='ltr'><strong>Luna</strong></span> <span class='ocrx_word' id='word_1_71' title='bbox 657 430 761 470; x_wconf 90' lang='lat' dir='ltr'><strong>vado</strong></span> <span class='ocrx_word' id='word_1_72' title='bbox 773 429 943 472; x_wconf 88' lang='lat' dir='ltr'><strong>fluminis</strong></span> <span class='ocrx_word' id='word_1_73' title='bbox 955 442 1157 487; x_wconf 82' lang='lat' dir='ltr'><strong>penetrato</strong></span> <span class='ocrx_word' id='word_1_74' title='bbox 1171 462 1182 479; x_wconf 92' lang='lat'>,</span> <span class='ocrx_word' id='word_1_75' title='bbox 1217 434 1260 475; x_wconf 92' lang='lat' dir='ltr'><strong>id</strong></span> <span class='ocrx_word' id='word_1_76' title='bbox 1273 437 1394 489; x_wconf 81' lang='lat' dir='ltr'><strong>‘quod</strong></span> <span class='ocrx_word' id='word_1_77' title='bbox 1405 450 1486 479; x_wconf 90' lang='lat' dir='ltr'><strong>erat</strong></span> <span class='ocrx_word' id='word_1_78' title='bbox 1498 442 1742 495; x_wconf 62' lang='lat' dir='ltr'><strong>potissimum</strong></span> 
     </span>
     <span class='ocr_line' id='line_1_9' title="bbox 80 484 1740 544; baseline 0.004 -20"><span class='ocrx_word' id='word_1_79' title='bbox 80 484 280 539; x_wconf 86' lang='lat' dir='ltr'><strong>elegerunt</strong></span> <span class='ocrx_word' id='word_1_80' title='bbox 293 500 300 524; x_wconf 95' lang='lat'>:</span> <span class='ocrx_word' id='word_1_81' title='bbox 317 488 356 525; x_wconf 71' lang='grc' dir='ltr'><strong>ὃς</strong></span> <span class='ocrx_word' id='word_1_82' title='bbox 368 485 482 526; x_wconf 90' lang='lat' dir='ltr'><strong>veriti</strong></span> <span class='ocrx_word' id='word_1_83' title='bbox 491 498 538 526; x_wconf 91' lang='lat' dir='ltr'><strong>ne</strong></span> <span class='ocrx_word' id='word_1_84' title='bbox 548 485 821 539; x_wconf 82' lang='lat' dir='ltr'><strong>praecursorius</strong></span> <span class='ocrx_word' id='word_1_85' title='bbox 832 487 951 528; x_wconf 84' lang='lat' dir='ltr'><strong>index</strong></span> <span class='ocrx_word' id='word_1_86' title='bbox 963 489 1104 543; x_wconf 88' lang='lat' dir='ltr'><strong>procul</strong></span> <span class='ocrx_word' id='word_1_87' title='bbox 1113 500 1269 544; x_wconf 86' lang='lat' dir='ltr'><strong>agentes</strong></span> <span class='ocrx_word' id='word_1_88' title='bbox 1279 490 1482 534; x_wconf 89' lang='lat' dir='ltr'><strong>absterreat</strong></span> <span class='ocrx_word' id='word_1_89' title='bbox 1496 523 1508 542; x_wconf 93' lang='lat'>,</span> <span class='ocrx_word' id='word_1_90' title='bbox 1530 499 1740 543; x_wconf 64' lang='lat' dir='ltr'><strong>Athanari-</strong></span> 
     </span>
     <span class='ocr_line' id='line_1_10' title="bbox 79 540 1741 607; baseline 0.01 -27"><span class='ocrx_word' id='word_1_91' title='bbox 79 553 172 584; x_wconf 87' lang='lat' dir='ltr'><strong>cum</strong></span> <span class='ocrx_word' id='word_1_92' title='bbox 184 540 312 593; x_wconf 88' lang='lat' dir='ltr'><strong>ipsum</strong></span> <span class='ocrx_word' id='word_1_93' title='bbox 322 541 403 582; x_wconf 71' lang='lat' dir='ltr'><strong>istu</strong></span> <span class='ocrx_word' id='word_1_94' title='bbox 428 542 600 595; x_wconf 88' lang='lat' dir='ltr'><strong>petivere</strong></span> <span class='ocrx_word' id='word_1_95' title='bbox 622 542 762 583; x_wconf 88' lang='lat' dir='ltr'><strong>veloci.</strong></span> <span class='ocrx_word' id='word_1_96' title='bbox 804 543 985 599; x_wconf 77' lang='lat' dir='ltr'><strong>Eumque</strong></span> <span class='ocrx_word' id='word_1_97' title='bbox 1003 544 1222 600; x_wconf 90' lang='lat' dir='ltr'><strong>stupentem</strong></span> <span class='ocrx_word' id='word_1_98' title='bbox 1242 547 1292 588; x_wconf 87' lang='lat' dir='ltr'><strong>ad</strong></span> <span class='ocrx_word' id='word_1_99' title='bbox 1312 548 1507 602; x_wconf 89' lang='lat' dir='ltr'><strong>impetum</strong></span> <span class='ocrx_word' id='word_1_100' title='bbox 1531 555 1699 605; x_wconf 90' lang='lat' dir='ltr'><strong>primum</strong></span> <span class='ocrx_word' id='word_1_101' title='bbox 1726 585 1741 607; x_wconf 88' lang='lat'><strong><em>,</em></strong></span> 
     </span>
     <span class='ocr_line' id='line_1_11' title="bbox 80 595 1736 661; baseline 0.008 -23"><span class='ocrx_word' id='word_1_102' title='bbox 80 609 93 634; x_wconf 83' lang='lat'><em>5</em></span> <span class='ocrx_word' id='word_1_103' title='bbox 112 595 252 638; x_wconf 90' lang='lat' dir='ltr'><strong>amisfis</strong></span> <span class='ocrx_word' id='word_1_104' title='bbox 264 596 496 652; x_wconf 88' lang='lat' dir='ltr'><strong>quibusdam</strong></span> <span class='ocrx_word' id='word_1_105' title='bbox 527 596 685 638; x_wconf 89' lang='lat' dir='ltr'><strong>suorum</strong></span> <span class='ocrx_word' id='word_1_106' title='bbox 711 602 925 653; x_wconf 67' lang='lat' dir='ltr'><strong>coegerunt</strong></span> <span class='ocrx_word' id='word_1_107' title='bbox 937 601 988 642; x_wconf 89' lang='lat' dir='ltr'><strong>ad</strong></span> <span class='ocrx_word' id='word_1_108' title='bbox 998 601 1144 657; x_wconf 86' lang='lat' dir='ltr'><strong>effugia</strong></span> <span class='ocrx_word' id='word_1_109' title='bbox 1155 616 1362 658; x_wconf 87' lang='lat' dir='ltr'><strong>properare</strong></span> <span class='ocrx_word' id='word_1_110' title='bbox 1376 608 1572 647; x_wconf 87' lang='lat' dir='ltr'><strong>montium</strong></span> <span class='ocrx_word' id='word_1_111' title='bbox 1592 622 1736 661; x_wconf 85' lang='lat' dir='ltr'><strong>praeru-</strong></span> 
     </span>
     <span class='ocr_line' id='line_1_12' title="bbox 77 654 1738 718; baseline 0.007 -22"><span class='ocrx_word' id='word_1_112' title='bbox 77 667 251 712; x_wconf 84' lang='lat' dir='ltr'><strong>ptorum.</strong></span> <span class='ocrx_word' id='word_1_113' title='bbox 267 655 358 709; x_wconf 78' lang='lat' dir='ltr'><strong>Qla</strong></span> <span class='ocrx_word' id='word_1_114' title='bbox 369 654 422 694; x_wconf 90' lang='lat' dir='ltr'><strong>rei</strong></span> <span class='ocrx_word' id='word_1_115' title='bbox 432 654 607 695; x_wconf 91' lang='lat' dir='ltr'><strong>novitate</strong></span> <span class='ocrx_word' id='word_1_116' title='bbox 619 655 845 709; x_wconf 75' lang='lat' dir='ltr'><strong>majoreque</strong></span> <span class='ocrx_word' id='word_1_117' title='bbox 866 658 1019 698; x_wconf 87' lang='lat' dir='ltr'><strong>venturi</strong></span> <span class='ocrx_word' id='word_1_118' title='bbox 1037 672 1184 713; x_wconf 87' lang='lat' dir='ltr'><strong>pavore</strong></span> <span class='ocrx_word' id='word_1_119' title='bbox 1204 659 1431 701; x_wconf 59' lang='lat' dir='ltr'><strong>constrictus</strong></span> <span class='ocrx_word' id='word_1_120' title='bbox 1441 689 1454 709; x_wconf 88' lang='lat'>,</span> <span class='ocrx_word' id='word_1_121' title='bbox 1486 663 1508 703; x_wconf 75' lang='lat' dir='ltr'><strong>a</strong></span> <span class='ocrx_word' id='word_1_122' title='bbox 1528 662 1738 718; x_wconf 80' lang='lat' dir='ltr'><strong>superciliis</strong></span> 
     </span>
     <span class='ocr_line' id='line_1_13' title="bbox 74 710 1737 772; baseline 0.007 -20"><span class='ocrx_word' id='word_1_123' title='bbox 74 714 93 740; x_wconf 83' lang='lat'><strong><em>⁶</em></strong></span> <span class='ocrx_word' id='word_1_124' title='bbox 110 712 128 740; x_wconf 73' lang='lat'><strong>¹¹</strong></span> <span class='ocrx_word' id='word_1_125' title='bbox 147 711 279 753; x_wconf 88' lang='lat' dir='ltr'><strong>Gerafi</strong></span> <span class='ocrx_word' id='word_1_126' title='bbox 292 711 462 752; x_wconf 90' lang='lat' dir='ltr'><strong>fluminis</strong></span> <span class='ocrx_word' id='word_1_127' title='bbox 473 710 646 765; x_wconf 89' lang='lat' dir='ltr'><strong>adusque</strong></span> <span class='ocrx_word' id='word_1_128' title='bbox 658 712 882 753; x_wconf 88' lang='lat' dir='ltr'><strong>Danubium</strong></span> <span class='ocrx_word' id='word_1_129' title='bbox 893 713 1143 754; x_wconf 89' lang='lat' dir='ltr'><strong>Taifalorum</strong></span> <span class='ocrx_word' id='word_1_130' title='bbox 1155 724 1272 756; x_wconf 87' lang='lat' dir='ltr'><strong>terras</strong></span> <span class='ocrx_word' id='word_1_131' title='bbox 1284 716 1549 772; x_wconf 77' lang='lat' dir='ltr'><strong>praestringens</strong></span> <span class='ocrx_word' id='word_1_132' title='bbox 1562 746 1574 767; x_wconf 87' lang='lat'>‚</span> <span class='ocrx_word' id='word_1_133' title='bbox 1604 734 1737 765; x_wconf 88' lang='lat' dir='ltr'><strong>muros</strong></span> 
     </span>
     <span class='ocr_line' id='line_1_14' title="bbox 76 766 1736 823; baseline 0.004 -14"><span class='ocrx_word' id='word_1_134' title='bbox 76 767 192 809; x_wconf 73' lang='lat' dir='ltr'><strong>altius</strong></span> <span class='ocrx_word' id='word_1_135' title='bbox 203 767 393 823; x_wconf 86' lang='lat' dir='ltr'><strong>erigebat:</strong></span> <span class='ocrx_word' id='word_1_136' title='bbox 414 766 487 807; x_wconf 86' lang='lat' dir='ltr'><strong>hac</strong></span> <span class='ocrx_word' id='word_1_137' title='bbox 499 766 619 808; x_wconf 90' lang='lat' dir='ltr'><strong>lorica</strong></span> <span class='ocrx_word' id='word_1_138' title='bbox 630 768 832 822; x_wconf 85' lang='lat' dir='ltr'><strong>diligentia</strong></span> <span class='ocrx_word' id='word_1_139' title='bbox 845 768 959 809; x_wconf 88' lang='lat' dir='ltr'><strong>celeri</strong></span> <span class='ocrx_word' id='word_1_140' title='bbox 972 769 1237 811; x_wconf 88' lang='lat' dir='ltr'><strong>consummata</strong></span> <span class='ocrx_word' id='word_1_141' title='bbox 1249 800 1262 820; x_wconf 95' lang='lat'>,</span> <span class='ocrx_word' id='word_1_142' title='bbox 1290 774 1328 813; x_wconf 88' lang='lat' dir='ltr'><strong>in</strong></span> <span class='ocrx_word' id='word_1_143' title='bbox 1341 783 1430 813; x_wconf 90' lang='lat' dir='ltr'><strong>tuto</strong></span> <span class='ocrx_word' id='word_1_144' title='bbox 1453 773 1660 818; x_wconf 90' lang='lat' dir='ltr'><strong>locandam</strong></span> <span class='ocrx_word' id='word_1_145' title='bbox 1680 778 1736 819; x_wconf 88' lang='lat' dir='ltr'><strong>se.</strong></span> 
     </span>
     <span class='ocr_line' id='line_1_15' title="bbox 74 822 1738 883; baseline 0.004 -18"><span class='ocrx_word' id='word_1_146' title='bbox 74 825 279 866; x_wconf 89' lang='lat' dir='ltr'><strong>curitatem</strong></span> <span class='ocrx_word' id='word_1_147' title='bbox 292 824 395 865; x_wconf 86' lang='lat' dir='ltr'><strong>suam</strong></span> <span class='ocrx_word' id='word_1_148' title='bbox 411 822 629 864; x_wconf 87' lang='lat' dir='ltr'><strong>existimans</strong></span> <span class='ocrx_word' id='word_1_149' title='bbox 641 828 679 864; x_wconf 66' lang='grc' dir='ltr'><strong>ὃς</strong></span> <span class='ocrx_word' id='word_1_150' title='bbox 691 824 861 864; x_wconf 86' lang='lat' dir='ltr'><strong>salutem.</strong></span> <span class='ocrx_word' id='word_1_151' title='bbox 892 825 1079 881; x_wconf 72' lang='lat' dir='ltr'><strong>Dumque</strong></span> <span class='ocrx_word' id='word_1_152' title='bbox 1089 825 1229 868; x_wconf 85' lang='lat' dir='ltr'><strong>efficax</strong></span> <span class='ocrx_word' id='word_1_153' title='bbox 1245 842 1365 883; x_wconf 90' lang='lat' dir='ltr'><strong>opera</strong></span> <span class='ocrx_word' id='word_1_154' title='bbox 1375 828 1575 872; x_wconf 89' lang='lat' dir='ltr'><strong>suscitatur</strong></span> <span class='ocrx_word' id='word_1_155' title='bbox 1586 860 1598 879; x_wconf 93' lang='lat'>,</span> <span class='ocrx_word' id='word_1_156' title='bbox 1617 834 1738 877; x_wconf 81' lang='lat' dir='ltr'><strong>Hun-</strong></span> 
     </span>
     <span class='ocr_line' id='line_1_16' title="bbox 73 879 1736 943; baseline 0.005 -22"><span class='ocrx_word' id='word_1_157' title='bbox 73 882 113 922; x_wconf 91' lang='lat' dir='ltr'><strong>ni</strong></span> <span class='ocrx_word' id='word_1_158' title='bbox 124 881 294 935; x_wconf 87' lang='lat' dir='ltr'><strong>paffibus</strong></span> <span class='ocrx_word' id='word_1_159' title='bbox 316 893 406 921; x_wconf 92' lang='lat' dir='ltr'><strong>eum</strong></span> <span class='ocrx_word' id='word_1_160' title='bbox 429 880 515 919; x_wconf 91' lang='lat' dir='ltr'><strong>citis</strong></span> <span class='ocrx_word' id='word_1_161' title='bbox 537 879 726 933; x_wconf 86' lang='lat' dir='ltr'><strong>urgebant</strong></span> <span class='ocrx_word' id='word_1_162' title='bbox 746 895 754 919; x_wconf 91' lang='lat'><strong>:</strong></span> <span class='ocrx_word' id='word_1_163' title='bbox 779 881 905 934; x_wconf 91' lang='lat' dir='ltr'><strong>&amp;jam</strong></span> <span class='ocrx_word' id='word_1_164' title='bbox 926 882 1189 936; x_wconf 82' lang='lat' dir='ltr'><strong>oppresserant</strong></span> <span class='ocrx_word' id='word_1_165' title='bbox 1209 885 1460 926; x_wconf 90' lang='lat' dir='ltr'><strong>adventantes</strong></span> <span class='ocrx_word' id='word_1_166' title='bbox 1479 914 1491 935; x_wconf 90' lang='lat'>‚</span> <span class='ocrx_word' id='word_1_167' title='bbox 1523 888 1563 928; x_wconf 92' lang='lat' dir='ltr'><strong>ni</strong></span> <span class='ocrx_word' id='word_1_168' title='bbox 1584 892 1736 943; x_wconf 80' lang='lat' dir='ltr'><strong>gravati</strong></span> 
     </span>
     <span class='ocr_line' id='line_1_17' title="bbox 69 934 1732 1000; baseline 0.005 -23"><span class='ocrx_word' id='word_1_169' title='bbox 69 937 289 991; x_wconf 89' lang='lat' dir='ltr'><strong>praedarum</strong></span> <span class='ocrx_word' id='word_1_170' title='bbox 300 949 415 976; x_wconf 91' lang='lat' dir='ltr'><strong>onere</strong></span> <span class='ocrx_word' id='word_1_171' title='bbox 427 934 664 976; x_wconf 79' lang='lat' dir='ltr'><strong>destitissent.</strong></span> <span class='ocrx_word' id='word_1_172' title='bbox 690 935 814 977; x_wconf 86' lang='lat' dir='ltr'><strong>Fama</strong></span> <span class='ocrx_word' id='word_1_173' title='bbox 825 947 953 977; x_wconf 89' lang='lat' dir='ltr'><strong>tamen</strong></span> <span class='ocrx_word' id='word_1_174' title='bbox 964 938 1041 978; x_wconf 73' lang='lat' dir='ltr'><strong>late</strong></span> <span class='ocrx_word' id='word_1_175' title='bbox 1052 938 1226 992; x_wconf 89' lang='lat' dir='ltr'><strong>serpente</strong></span> <span class='ocrx_word' id='word_1_176' title='bbox 1239 955 1310 995; x_wconf 89' lang='lat' dir='ltr'><strong>per</strong></span> <span class='ocrx_word' id='word_1_177' title='bbox 1322 940 1550 983; x_wconf 89' lang='lat' dir='ltr'><strong>Gothorum</strong></span> <span class='ocrx_word' id='word_1_178' title='bbox 1564 945 1732 1000; x_wconf 85' lang='lat' dir='ltr'><strong>reliquas</strong></span> 
     </span>
     <span class='ocr_line' id='line_1_18' title="bbox 67 990 1731 1050; baseline 0.005 -16"><span class='ocrx_word' id='word_1_179' title='bbox 67 1004 202 1049; x_wconf 89' lang='lat' dir='ltr'><strong>gentes</strong></span> <span class='ocrx_word' id='word_1_180' title='bbox 214 1021 225 1038; x_wconf 86' lang='lat'>,</span> <span class='ocrx_word' id='word_1_181' title='bbox 257 992 370 1047; x_wconf 78' lang='lat' dir='ltr'><strong>quod</strong></span> <span class='ocrx_word' id='word_1_182' title='bbox 393 990 616 1032; x_wconf 85' lang='lat' dir='ltr'><strong>inusitatum</strong></span> <span class='ocrx_word' id='word_1_183' title='bbox 629 992 790 1033; x_wconf 90' lang='lat' dir='ltr'><strong>antehac</strong></span> <span class='ocrx_word' id='word_1_184' title='bbox 814 992 1019 1035; x_wconf 90' lang='lat' dir='ltr'><strong>hominum</strong></span> <span class='ocrx_word' id='word_1_185' title='bbox 1043 1008 1164 1050; x_wconf 91' lang='lat' dir='ltr'><strong>genus</strong></span> <span class='ocrx_word' id='word_1_186' title='bbox 1195 1004 1209 1029; x_wconf 94' lang='lat'><strong><em>7</em></strong></span> <span class='ocrx_word' id='word_1_187' title='bbox 1229 1005 1237 1022; x_wconf 90' lang='lat'>¹</span> <span class='ocrx_word' id='word_1_188' title='bbox 1267 997 1390 1038; x_wconf 76' lang='lat' dir='ltr'><strong>modo</strong></span> <span class='ocrx_word' id='word_1_189' title='bbox 1412 1012 1522 1039; x_wconf 88' lang='lat' dir='ltr'><strong>ruens</strong></span> <span class='ocrx_word' id='word_1_190' title='bbox 1547 1011 1591 1040; x_wconf 90' lang='lat' dir='ltr'><strong>ut</strong></span> <span class='ocrx_word' id='word_1_191' title='bbox 1613 995 1731 1044; x_wconf 83' lang='lat' dir='ltr'><strong>turbo</strong></span> 
     </span>
     <span class='ocr_line' id='line_1_19' title="bbox 67 1048 1729 1108; baseline 0.005 -18"><span class='ocrx_word' id='word_1_192' title='bbox 67 1050 267 1090; x_wconf 88' lang='lat' dir='ltr'><strong>montibus</strong></span> <span class='ocrx_word' id='word_1_193' title='bbox 280 1048 384 1088; x_wconf 85' lang='lat' dir='ltr'><strong>celfis</strong></span> <span class='ocrx_word' id='word_1_194' title='bbox 396 1075 409 1095; x_wconf 92' lang='lat'>,</span> <span class='ocrx_word' id='word_1_195' title='bbox 439 1061 488 1088; x_wconf 85' lang='lat' dir='ltr'><strong>ex</strong></span> <span class='ocrx_word' id='word_1_196' title='bbox 501 1048 636 1089; x_wconf 88' lang='lat' dir='ltr'><strong>abdito</strong></span> <span class='ocrx_word' id='word_1_197' title='bbox 649 1048 730 1089; x_wconf 88' lang='lat' dir='ltr'><strong>finu</strong></span> <span class='ocrx_word' id='word_1_198' title='bbox 743 1061 924 1090; x_wconf 90' lang='lat' dir='ltr'><strong>coortum</strong></span> <span class='ocrx_word' id='word_1_199' title='bbox 957 1052 970 1077; x_wconf 76' lang='grc'><strong>3</strong></span> <span class='ocrx_word' id='word_1_200' title='bbox 992 1051 1170 1105; x_wconf 81' lang='lat' dir='ltr'><strong>apposita</strong></span> <span class='ocrx_word' id='word_1_201' title='bbox 1182 1066 1351 1108; x_wconf 87' lang='lat' dir='ltr'><strong>quaeque</strong></span> <span class='ocrx_word' id='word_1_202' title='bbox 1372 1055 1559 1096; x_wconf 90' lang='lat' dir='ltr'><strong>convellit</strong></span> <span class='ocrx_word' id='word_1_203' title='bbox 1582 1061 1621 1098; x_wconf 88' lang='lat'>&amp;</span> <span class='ocrx_word' id='word_1_204' title='bbox 1643 1072 1729 1099; x_wconf 87' lang='lat' dir='ltr'><strong>cor-</strong></span> 
     </span>
     <span class='ocr_line' id='line_1_20' title="bbox 66 1104 1726 1167; baseline 0.002 -21"><span class='ocrx_word' id='word_1_205' title='bbox 66 1107 238 1160; x_wconf 88' lang='lat' dir='ltr'><strong>rumpit:</strong></span> <span class='ocrx_word' id='word_1_206' title='bbox 252 1104 395 1160; x_wconf 91' lang='lat' dir='ltr'><strong>populi</strong></span> <span class='ocrx_word' id='word_1_207' title='bbox 403 1118 492 1159; x_wconf 84' lang='lat' dir='ltr'><strong>pars</strong></span> <span class='ocrx_word' id='word_1_208' title='bbox 504 1106 626 1158; x_wconf 89' lang='lat' dir='ltr'><strong>major</strong></span> <span class='ocrx_word' id='word_1_209' title='bbox 637 1132 649 1152; x_wconf 92' lang='lat'><strong>,</strong></span> <span class='ocrx_word' id='word_1_210' title='bbox 681 1119 769 1160; x_wconf 86' lang='lat' dir='ltr'><strong>quae</strong></span> <span class='ocrx_word' id='word_1_211' title='bbox 783 1106 1061 1148; x_wconf 87' lang='lat' dir='ltr'><strong>Athanaricum</strong></span> <span class='ocrx_word' id='word_1_212' title='bbox 1076 1118 1272 1148; x_wconf 90' lang='lat' dir='ltr'><strong>attenuata</strong></span> <span class='ocrx_word' id='word_1_213' title='bbox 1283 1111 1575 1152; x_wconf 80' lang='lat' dir='ltr'><strong>necessariorum</strong></span> <span class='ocrx_word' id='word_1_214' title='bbox 1590 1128 1726 1167; x_wconf 81' lang='lat' dir='ltr'><strong>paenu-</strong></span> 
     </span>
     <span class='ocr_line' id='line_1_21' title="bbox 70 1161 1724 1215; baseline 0.005 -13"><span class='ocrx_word' id='word_1_215' title='bbox 70 1163 123 1204; x_wconf 89' lang='lat' dir='ltr'><strong>ria</strong></span> <span class='ocrx_word' id='word_1_216' title='bbox 134 1161 347 1203; x_wconf 88' lang='lat' dir='ltr'><strong>deseruerat</strong></span> <span class='ocrx_word' id='word_1_217' title='bbox 357 1188 369 1207; x_wconf 91' lang='lat'><em>‚</em></span> <span class='ocrx_word' id='word_1_218' title='bbox 402 1161 632 1215; x_wconf 85' lang='lat' dir='ltr'><strong>quaeritabat</strong></span> <span class='ocrx_word' id='word_1_219' title='bbox 644 1161 889 1204; x_wconf 85' lang='lat' dir='ltr'><strong>domicilium</strong></span> <span class='ocrx_word' id='word_1_220' title='bbox 903 1174 1096 1204; x_wconf 87' lang='lat' dir='ltr'><strong>remotum</strong></span> <span class='ocrx_word' id='word_1_221' title='bbox 1109 1164 1158 1204; x_wconf 88' lang='lat' dir='ltr'><strong>ab</strong></span> <span class='ocrx_word' id='word_1_222' title='bbox 1168 1166 1276 1205; x_wconf 89' lang='lat' dir='ltr'><strong>omni</strong></span> <span class='ocrx_word' id='word_1_223' title='bbox 1289 1166 1430 1206; x_wconf 91' lang='lat' dir='ltr'><strong>notitia</strong></span> <span class='ocrx_word' id='word_1_224' title='bbox 1442 1164 1701 1210; x_wconf 85' lang='lat' dir='ltr'><strong>Barbarorum</strong></span> <span class='ocrx_word' id='word_1_225' title='bbox 1715 1186 1724 1212; x_wconf 72' lang='grc' dir='ltr'><strong><em>ε</em></strong></span> 
     </span>
     <span class='ocr_line' id='line_1_22' title="bbox 65 1217 1725 1278; baseline 0.004 -18"><span class='ocrx_word' id='word_1_226' title='bbox 65 1219 212 1274; x_wconf 74' lang='lat' dir='ltr'><strong>diuque</strong></span> <span class='ocrx_word' id='word_1_227' title='bbox 225 1218 436 1258; x_wconf 87' lang='lat' dir='ltr'><strong>deliberans</strong></span> <span class='ocrx_word' id='word_1_228' title='bbox 449 1231 544 1272; x_wconf 89' lang='lat' dir='ltr'><strong>quas</strong></span> <span class='ocrx_word' id='word_1_229' title='bbox 558 1218 715 1272; x_wconf 85' lang='lat' dir='ltr'><strong>eligeret</strong></span> <span class='ocrx_word' id='word_1_230' title='bbox 727 1217 831 1259; x_wconf 88' lang='lat' dir='ltr'><strong>sedes</strong></span> <span class='ocrx_word' id='word_1_231' title='bbox 843 1247 856 1266; x_wconf 90' lang='lat'><em>,</em></span> <span class='ocrx_word' id='word_1_232' title='bbox 883 1221 1074 1274; x_wconf 87' lang='lat' dir='ltr'><strong>cogitavit</strong></span> <span class='ocrx_word' id='word_1_233' title='bbox 1088 1221 1117 1260; x_wconf 76' lang='lat' dir='ltr'><strong>‘I</strong></span> <span class='ocrx_word' id='word_1_234' title='bbox 1132 1220 1269 1261; x_wconf 84' lang='lat' dir='ltr'><strong>hrac1ae</strong></span> <span class='ocrx_word' id='word_1_235' title='bbox 1293 1223 1581 1276; x_wconf 88' lang='lat' dir='ltr'><strong>receptaculum</strong></span> <span class='ocrx_word' id='word_1_236' title='bbox 1603 1228 1725 1278; x_wconf 78' lang='lat' dir='ltr'><strong>gemi-</strong></span> 
     </span>
     <span class='ocr_line' id='line_1_23' title="bbox 61 1271 1722 1334; baseline 0.002 -14"><span class='ocrx_word' id='word_1_237' title='bbox 61 1293 110 1320; x_wconf 85' lang='lat' dir='ltr'><strong>na</strong></span> <span class='ocrx_word' id='word_1_238' title='bbox 121 1280 269 1320; x_wconf 88' lang='lat' dir='ltr'><strong>ratione</strong></span> <span class='ocrx_word' id='word_1_239' title='bbox 282 1275 349 1316; x_wconf 91' lang='lat' dir='ltr'><strong>fibi</strong></span> <span class='ocrx_word' id='word_1_240' title='bbox 359 1275 650 1314; x_wconf 87' lang='lat' dir='ltr'><strong>convenientius</strong></span> <span class='ocrx_word' id='word_1_241' title='bbox 663 1302 675 1322; x_wconf 88' lang='lat'>,</span> <span class='ocrx_word' id='word_1_242' title='bbox 694 1275 804 1330; x_wconf 92' lang='lat' dir='ltr'><strong>quod</strong></span> <span class='ocrx_word' id='word_1_243' title='bbox 815 1279 854 1316; x_wconf 86' lang='lat'>&amp;</span> <span class='ocrx_word' id='word_1_244' title='bbox 892 1285 908 1310; x_wconf 85' lang='lat'><em>9</em></span> <span class='ocrx_word' id='word_1_245' title='bbox 928 1275 1091 1330; x_wconf 77' lang='lat' dir='ltr'><strong>caespitis</strong></span> <span class='ocrx_word' id='word_1_246' title='bbox 1102 1276 1155 1316; x_wconf 93' lang='lat' dir='ltr'><strong>est</strong></span> <span class='ocrx_word' id='word_1_247' title='bbox 1167 1277 1386 1318; x_wconf 86' lang='lat' dir='ltr'><strong>feracissimi</strong></span> <span class='ocrx_word' id='word_1_248' title='bbox 1398 1306 1411 1326; x_wconf 87' lang='lat'>,</span> <span class='ocrx_word' id='word_1_249' title='bbox 1441 1282 1481 1322; x_wconf 87' lang='lat'>&amp;</span> <span class='ocrx_word' id='word_1_250' title='bbox 1495 1271 1722 1334; x_wconf 78' lang='lat' dir='ltr'><strong>amplitudi-</strong></span> 
     </span>
    </p>

    <p class='ocr_par' dir='ltr' id='par_1_3' title="bbox 0 1329 1721 1445">
     <span class='ocr_line' id='line_1_24' title="bbox 0 1329 1721 1391; baseline 0.001 -14"><span class='ocrx_word' id='word_1_251' title='bbox 0 1385 1 1390; x_wconf 61' lang='lat'>,</span> <span class='ocrx_word' id='word_1_252' title='bbox 57 1350 106 1377; x_wconf 90' lang='lat' dir='ltr'><strong>ne</strong></span> <span class='ocrx_word' id='word_1_253' title='bbox 121 1336 355 1377; x_wconf 89' lang='lat' dir='ltr'><strong>fluentorum</strong></span> <span class='ocrx_word' id='word_1_254' title='bbox 368 1329 752 1385; x_wconf 85' lang='lat' dir='ltr'><strong>Histridistinguitur</strong></span> <span class='ocrx_word' id='word_1_255' title='bbox 784 1340 794 1358; x_wconf 84' lang='lat'>¹</span> <span class='ocrx_word' id='word_1_256' title='bbox 817 1332 836 1359; x_wconf 78' lang='lat' dir='ltr'>k</span> <span class='ocrx_word' id='word_1_257' title='bbox 853 1333 874 1374; x_wconf 69' lang='lat' dir='ltr'><strong>a</strong></span> <span class='ocrx_word' id='word_1_258' title='bbox 886 1332 1065 1373; x_wconf 89' lang='lat' dir='ltr'><strong>Barbaris</strong></span> <span class='ocrx_word' id='word_1_259' title='bbox 1076 1361 1089 1381; x_wconf 88' lang='lat'><em>,</em></span> <span class='ocrx_word' id='word_1_260' title='bbox 1121 1334 1341 1387; x_wconf 86' lang='lat' dir='ltr'><strong>patentibus</strong></span> <span class='ocrx_word' id='word_1_261' title='bbox 1346 1336 1427 1388; x_wconf 90' lang='lat' dir='ltr'><strong>jam</strong></span> <span class='ocrx_word' id='word_1_262' title='bbox 1440 1337 1632 1391; x_wconf 87' lang='lat' dir='ltr'><strong>peregrini</strong></span> <span class='ocrx_word' id='word_1_263' title='bbox 1644 1337 1721 1380; x_wconf 90' lang='lat' dir='ltr'><strong>ful-</strong></span> 
     </span>
     <span class='ocr_line' id='line_1_25' title="bbox 57 1386 1661 1445; baseline 0.001 -12"><span class='ocrx_word' id='word_1_264' title='bbox 57 1392 225 1433; x_wconf 87' lang='lat' dir='ltr'><strong>minibus</strong></span> <span class='ocrx_word' id='word_1_265' title='bbox 235 1391 376 1432; x_wconf 89' lang='lat' dir='ltr'><strong>Martis</strong></span> <span class='ocrx_word' id='word_1_266' title='bbox 389 1402 397 1426; x_wconf 77' lang='grc' dir='ltr'><em>τ</em></span> <span class='ocrx_word' id='word_1_267' title='bbox 429 1386 506 1428; x_wconf 89' lang='lat' dir='ltr'><strong>hoc</strong></span> <span class='ocrx_word' id='word_1_268' title='bbox 517 1400 679 1441; x_wconf 88' lang='lat' dir='ltr'><strong>quoque</strong></span> <span class='ocrx_word' id='word_1_269' title='bbox 690 1387 792 1428; x_wconf 90' lang='lat' dir='ltr'><strong>idem</strong></span> <span class='ocrx_word' id='word_1_270' title='bbox 807 1388 946 1430; x_wconf 83' lang='lat' dir='ltr'><strong>residui</strong></span> <span class='ocrx_word' id='word_1_271' title='bbox 961 1388 1068 1430; x_wconf 88' lang='lat' dir='ltr'><strong>velut</strong></span> <span class='ocrx_word' id='word_1_272' title='bbox 1079 1400 1207 1430; x_wconf 90' lang='lat' dir='ltr'><strong>mente</strong></span> <span class='ocrx_word' id='word_1_273' title='bbox 1217 1391 1438 1445; x_wconf 87' lang='lat' dir='ltr'><strong>cogitavere</strong></span> <span class='ocrx_word' id='word_1_274' title='bbox 1450 1405 1579 1432; x_wconf 91' lang='lat' dir='ltr'><strong>comm</strong></span> <span class='ocrx_word' id='word_1_275' title='bbox 1585 1395 1661 1435; x_wconf 89' lang='lat' dir='ltr'><strong>uni.</strong></span> 
     </span>
    </p>

    <p class='ocr_par' dir='ltr' id='par_1_4' title="bbox 53 1444 1716 1672">
     <span class='ocr_line' id='line_1_26' title="bbox 114 1444 1713 1503; baseline 0.001 -14"><span class='ocrx_word' id='word_1_276' title='bbox 114 1449 153 1489; x_wconf 92' lang='lat' dir='ltr'>C</span> <span class='ocrx_word' id='word_1_277' title='bbox 167 1462 193 1490; x_wconf 78' lang='lat' dir='ltr'>A</span> <span class='ocrx_word' id='word_1_278' title='bbox 210 1463 242 1488; x_wconf 83' lang='lat' dir='ltr'><strong>P.</strong></span> <span class='ocrx_word' id='word_1_279' title='bbox 274 1447 357 1488; x_wconf 92' lang='lat' dir='ltr'><strong>IV.</strong></span> <span class='ocrx_word' id='word_1_280' title='bbox 391 1444 531 1498; x_wconf 89' lang='lat' dir='ltr'><strong>Itaque</strong></span> <span class='ocrx_word' id='word_1_281' title='bbox 542 1444 643 1484; x_wconf 89' lang='lat' dir='ltr'><strong>duce</strong></span> <span class='ocrx_word' id='word_1_282' title='bbox 656 1444 823 1485; x_wconf 89' lang='lat' dir='ltr'><strong>Alavivo</strong></span> <span class='ocrx_word' id='word_1_283' title='bbox 834 1446 935 1500; x_wconf 88' lang='lat' dir='ltr'><strong>ripas</strong></span> <span class='ocrx_word' id='word_1_284' title='bbox 946 1459 1190 1500; x_wconf 88' lang='lat' dir='ltr'><strong>occupavere</strong></span> <span class='ocrx_word' id='word_1_285' title='bbox 1201 1447 1393 1488; x_wconf 89' lang='lat' dir='ltr'><strong>Danubii:</strong></span> <span class='ocrx_word' id='word_1_286' title='bbox 1420 1447 1615 1503; x_wconf 81' lang='lat' dir='ltr'><strong>miffi&#39;sque</strong></span> <span class='ocrx_word' id='word_1_287' title='bbox 1627 1464 1713 1491; x_wconf 89' lang='lat' dir='ltr'><strong>ora-</strong></span> 
     </span>
     <span class='ocr_line' id='line_1_27' title="bbox 59 1499 1716 1558; baseline 0.007 -21"><span class='ocrx_word' id='word_1_288' title='bbox 59 1505 209 1546; x_wconf 64' lang='lat' dir='ltr'><strong>toribus</strong></span> <span class='ocrx_word' id='word_1_289' title='bbox 220 1504 270 1545; x_wconf 81' lang='lat' dir='ltr'><strong>ad</strong></span> <span class='ocrx_word' id='word_1_290' title='bbox 283 1502 488 1545; x_wconf 86' lang='lat' dir='ltr'><strong>Valentem</strong></span> <span class='ocrx_word' id='word_1_291' title='bbox 502 1528 514 1547; x_wconf 89' lang='lat'>‚</span> <span class='ocrx_word' id='word_1_292' title='bbox 543 1499 680 1554; x_wconf 90' lang='lat' dir='ltr'><strong>suscipi</strong></span> <span class='ocrx_word' id='word_1_293' title='bbox 691 1500 726 1541; x_wconf 93' lang='lat' dir='ltr'><strong>se</strong></span> <span class='ocrx_word' id='word_1_294' title='bbox 736 1501 874 1542; x_wconf 89' lang='lat' dir='ltr'><strong>humili</strong></span> <span class='ocrx_word' id='word_1_295' title='bbox 895 1515 1009 1556; x_wconf 88' lang='lat' dir='ltr'><strong>prece</strong></span> <span class='ocrx_word' id='word_1_296' title='bbox 1031 1502 1241 1556; x_wconf 85' lang='lat' dir='ltr'><strong>poscebant</strong></span> <span class='ocrx_word' id='word_1_297' title='bbox 1255 1529 1267 1550; x_wconf 91' lang='lat'><strong>,</strong></span> <span class='ocrx_word' id='word_1_298' title='bbox 1298 1507 1337 1544; x_wconf 87' lang='lat'>&amp;</span> <span class='ocrx_word' id='word_1_299' title='bbox 1351 1504 1483 1558; x_wconf 69' lang='lat' dir='ltr'><strong>quiete</strong></span> <span class='ocrx_word' id='word_1_300' title='bbox 1494 1506 1666 1546; x_wconf 59' lang='lat' dir='ltr'><strong>victuros</strong></span> <span class='ocrx_word' id='word_1_301' title='bbox 1679 1508 1716 1548; x_wconf 81' lang='lat' dir='ltr'><strong>se</strong></span> 
     </span>
     <span class='ocr_line' id='line_1_28' title="bbox 56 1555 1712 1614; baseline 0.001 -13"><span class='ocrx_word' id='word_1_302' title='bbox 56 1562 285 1614; x_wconf 86' lang='lat' dir='ltr'><strong>pollicentes</strong></span> <span class='ocrx_word' id='word_1_303' title='bbox 299 1587 313 1608; x_wconf 90' lang='lat'><strong><em>,</em></strong></span> <span class='ocrx_word' id='word_1_304' title='bbox 342 1563 381 1600; x_wconf 89' lang='lat'>&amp;</span> <span class='ocrx_word' id='word_1_305' title='bbox 391 1558 551 1598; x_wconf 87' lang='lat' dir='ltr'><strong>daturos</strong></span> <span class='ocrx_word' id='word_1_306' title='bbox 563 1556 589 1596; x_wconf 87' lang='lat' dir='ltr'><strong>si</strong></span> <span class='ocrx_word' id='word_1_307' title='bbox 602 1570 659 1596; x_wconf 89' lang='lat' dir='ltr'><strong>res</strong></span> <span class='ocrx_word' id='word_1_308' title='bbox 671 1555 874 1611; x_wconf 80' lang='lat' dir='ltr'><strong>flagitasset</strong></span> <span class='ocrx_word' id='word_1_309' title='bbox 885 1558 1037 1598; x_wconf 85' lang='lat' dir='ltr'><strong>auxilia.</strong></span> <span class='ocrx_word' id='word_1_310' title='bbox 1071 1560 1178 1600; x_wconf 92' lang='lat' dir='ltr'><strong>Dum</strong></span> <span class='ocrx_word' id='word_1_311' title='bbox 1190 1569 1358 1613; x_wconf 88' lang='lat' dir='ltr'><strong>aguntur</strong></span> <span class='ocrx_word' id='word_1_312' title='bbox 1375 1560 1458 1600; x_wconf 82' lang='lat' dir='ltr'><strong>haec</strong></span> <span class='ocrx_word' id='word_1_313' title='bbox 1469 1561 1509 1601; x_wconf 90' lang='lat' dir='ltr'><strong>in</strong></span> <span class='ocrx_word' id='word_1_314' title='bbox 1521 1564 1686 1603; x_wconf 87' lang='lat' dir='ltr'><strong>externis</strong></span> <span class='ocrx_word' id='word_1_315' title='bbox 1698 1590 1712 1612; x_wconf 90' lang='lat'><strong>,</strong></span> 
     </span>
     <span class='ocr_line' id='line_1_29' title="bbox 53 1612 1712 1672; baseline -0.001 -12"><span class='ocrx_word' id='word_1_316' title='bbox 53 1631 176 1660; x_wconf 86' lang='lat' dir='ltr'><strong>novos</strong></span> <span class='ocrx_word' id='word_1_317' title='bbox 189 1616 426 1672; x_wconf 90' lang='lat' dir='ltr'><strong>majoresque</strong></span> <span class='ocrx_word' id='word_1_318' title='bbox 436 1613 556 1653; x_wconf 89' lang='lat' dir='ltr'><strong>solitis</strong></span> <span class='ocrx_word' id='word_1_319' title='bbox 568 1612 673 1653; x_wconf 89' lang='lat' dir='ltr'><strong>casus</strong></span> <span class='ocrx_word' id='word_1_320' title='bbox 698 1613 844 1654; x_wconf 87' lang='lat' dir='ltr'><strong>versare</strong></span> <span class='ocrx_word' id='word_1_321' title='bbox 852 1624 984 1669; x_wconf 86' lang='lat' dir='ltr'><strong>gentes</strong></span> <span class='ocrx_word' id='word_1_322' title='bbox 998 1615 1160 1655; x_wconf 68' lang='lat' dir='ltr'><strong>Ar&amp;oas</strong></span> <span class='ocrx_word' id='word_1_323' title='bbox 1176 1642 1189 1661; x_wconf 87' lang='grc'>,</span> <span class='ocrx_word' id='word_1_324' title='bbox 1209 1628 1382 1656; x_wconf 91' lang='lat' dir='ltr'><strong>rumores</strong></span> <span class='ocrx_word' id='word_1_325' title='bbox 1395 1612 1712 1660; x_wconf 75' lang='lat' dir='ltr'><strong>terribiles&#39;diffu·</strong></span> 
     </span>
    </p>
   </div>
   <div class='ocr_carea' id='block_1_3' title="bbox 89 1686 1707 1725">
    <p class='ocr_par' dir='ltr' id='par_1_5' title="bbox 89 1686 1707 1725">
     <span class='ocr_line' id='line_1_30' title="bbox 89 1686 1707 1725; baseline 0.001 -9"><span class='ocrx_word' id='word_1_326' title='bbox 89 1698 103 1722; x_wconf 87' lang='lat'><em>5</em></span> <span class='ocrx_word' id='word_1_327' title='bbox 124 1691 270 1718; x_wconf 58' lang='lat' dir='ltr'><strong>Almmicis.</strong></span> <span class='ocrx_word' id='word_1_328' title='bbox 309 1691 326 1716; x_wconf 84' lang='lat'>6</span> <span class='ocrx_word' id='word_1_329' title='bbox 343 1690 390 1725; x_wconf 88' lang='lat' dir='ltr'><strong>Ms.</strong></span> <span class='ocrx_word' id='word_1_330' title='bbox 407 1689 508 1718; x_wconf 79' lang='lat' dir='ltr'><strong>Gerasi.</strong></span> <span class='ocrx_word' id='word_1_331' title='bbox 549 1697 563 1721; x_wconf 90' lang='lat'><em>7</em></span> <span class='ocrx_word' id='word_1_332' title='bbox 583 1687 629 1724; x_wconf 77' lang='lat' dir='ltr'><strong>Mj.</strong></span> <span class='ocrx_word' id='word_1_333' title='bbox 638 1688 721 1716; x_wconf 89' lang='lat' dir='ltr'><strong>modo</strong></span> <span class='ocrx_word' id='word_1_334' title='bbox 744 1691 858 1716; x_wconf 80' lang='lat' dir='ltr'><strong>nicrum.</strong></span> <span class='ocrx_word' id='word_1_335' title='bbox 885 1689 937 1718; x_wconf 80' lang='lat' dir='ltr'><strong>[ac</strong></span> <span class='ocrx_word' id='word_1_336' title='bbox 953 1686 1053 1723; x_wconf 89' lang='lat' dir='ltr'><strong>Colb.]</strong></span> <span class='ocrx_word' id='word_1_337' title='bbox 1078 1686 1095 1702; x_wconf 54' lang='lat'><strong>&#39;¹‘</strong></span> <span class='ocrx_word' id='word_1_338' title='bbox 1116 1688 1210 1715; x_wconf 58' lang='lat' dir='ltr'><strong>&amp;Van</strong></span> <span class='ocrx_word' id='word_1_339' title='bbox 1231 1686 1249 1708; x_wconf 52' lang='grc' dir='ltr'><strong>’ὅ</strong></span> <span class='ocrx_word' id='word_1_340' title='bbox 1265 1687 1381 1722; x_wconf 76' lang='lat' dir='ltr'><strong>legitur,</strong></span> <span class='ocrx_word' id='word_1_341' title='bbox 1409 1687 1477 1715; x_wconf 85' lang='lat' dir='ltr'><strong>modo</strong></span> <span class='ocrx_word' id='word_1_342' title='bbox 1503 1691 1606 1716; x_wconf 71' lang='lat' dir='ltr'><strong>nierum.</strong></span> <span class='ocrx_word' id='word_1_343' title='bbox 1625 1688 1707 1720; x_wconf 80' lang='lat' dir='ltr'><strong>Idem,</strong></span> 
     </span>
    </p>
   </div>
   <div class='ocr_carea' id='block_1_4' title="bbox 50 1722 1708 1798">
    <p class='ocr_par' dir='ltr' id='par_1_6' title="bbox 50 1722 1708 1798">
     <span class='ocr_line' id='line_1_31' title="bbox 52 1722 1707 1763; baseline -0.002 -8"><span class='ocrx_word' id='word_1_344' title='bbox 52 1729 65 1755; x_wconf 73' lang='lat'><em>8</em></span> <span class='ocrx_word' id='word_1_345' title='bbox 87 1727 133 1763; x_wconf 73' lang='lat' dir='ltr'><strong>Mfi</strong></span> <span class='ocrx_word' id='word_1_346' title='bbox 153 1727 278 1763; x_wconf 83' lang='lat' dir='ltr'><strong>adposita.</strong></span> <span class='ocrx_word' id='word_1_347' title='bbox 317 1735 333 1760; x_wconf 91' lang='lat'>9</span> <span class='ocrx_word' id='word_1_348' title='bbox 350 1729 442 1762; x_wconf 83' lang='lat' dir='ltr'><strong>ceptis.</strong></span> <span class='ocrx_word' id='word_1_349' title='bbox 483 1735 494 1752; x_wconf 80' lang='grc' dir='ltr'>ι</span> <span class='ocrx_word' id='word_1_350' title='bbox 516 1724 562 1758; x_wconf 73' lang='lat' dir='ltr'><strong>Mfi</strong></span> <span class='ocrx_word' id='word_1_351' title='bbox 577 1722 592 1751; x_wconf 67' lang='lat' dir='ltr'><strong>a</strong></span> <span class='ocrx_word' id='word_1_352' title='bbox 609 1726 726 1752; x_wconf 70' lang='lat' dir='ltr'><strong>‘bai-baris</strong></span> <span class='ocrx_word' id='word_1_353' title='bbox 748 1728 861 1762; x_wconf 79' lang='lat' dir='ltr'><strong>petenti·</strong></span> <span class='ocrx_word' id='word_1_354' title='bbox 886 1724 965 1751; x_wconf 86' lang='lat' dir='ltr'><strong>Unde</strong></span> <span class='ocrx_word' id='word_1_355' title='bbox 989 1723 1098 1751; x_wconf 86' lang='lat' dir='ltr'><strong>videtur</strong></span> <span class='ocrx_word' id='word_1_356' title='bbox 1124 1724 1332 1758; x_wconf 78' lang='lat' dir='ltr'><strong>corrigendum,</strong></span> <span class='ocrx_word' id='word_1_357' title='bbox 1359 1724 1426 1760; x_wconf 80' lang='lat' dir='ltr'><strong>quod</strong></span> <span class='ocrx_word' id='word_1_358' title='bbox 1438 1723 1583 1760; x_wconf 79' lang='lat' dir='ltr'><strong>inusitatum</strong></span> <span class='ocrx_word' id='word_1_359' title='bbox 1597 1726 1707 1753; x_wconf 78' lang='lat' dir='ltr'><strong>antehac</strong></span> 
     </span>
     <span class='ocr_line' id='line_1_32' title="bbox 50 1759 1708 1798; baseline 0.001 -11"><span class='ocrx_word' id='word_1_360' title='bbox 50 1765 109 1793; x_wconf 74' lang='lat' dir='ltr'><strong>bus.</strong></span> <span class='ocrx_word' id='word_1_361' title='bbox 888 1761 1098 1794; x_wconf 76' lang='lat' dir='ltr'><strong>hominumgenus</strong></span> <span class='ocrx_word' id='word_1_362' title='bbox 1106 1776 1114 1788; x_wconf 74' lang='lat'>‚</span> <span class='ocrx_word' id='word_1_363' title='bbox 1134 1760 1201 1786; x_wconf 82' lang='lat' dir='ltr'><strong>modo</strong></span> <span class='ocrx_word' id='word_1_364' title='bbox 1210 1780 1218 1790; x_wconf 91' lang='lat'>,</span> <span class='ocrx_word' id='word_1_365' title='bbox 1238 1762 1339 1787; x_wconf 78' lang='lat' dir='ltr'><strong>nivium</strong></span> <span class='ocrx_word' id='word_1_366' title='bbox 1346 1767 1374 1787; x_wconf 85' lang='lat' dir='ltr'><strong>ut</strong></span> <span class='ocrx_word' id='word_1_367' title='bbox 1379 1759 1450 1786; x_wconf 80' lang='lat' dir='ltr'><strong>turba</strong></span> <span class='ocrx_word' id='word_1_368' title='bbox 1457 1760 1579 1788; x_wconf 79' lang='lat' dir='ltr'><strong>montibus</strong></span> <span class='ocrx_word' id='word_1_369' title='bbox 1586 1760 1667 1798; x_wconf 72' lang='lat' dir='ltr'><strong>celsis,</strong></span> <span class='ocrx_word' id='word_1_370' title='bbox 1675 1772 1708 1790; x_wconf 74' lang='lat' dir='ltr'><strong>ex</strong></span> 
     </span>
    </p>
   </div>
   <div class='ocr_carea' id='block_1_5' title="bbox 43 1795 1705 2352">
    <p class='ocr_par' dir='ltr' id='par_1_7' title="bbox 43 1795 1705 2352">
     <span class='ocr_line' id='line_1_33' title="bbox 888 1795 1705 1836; baseline 0.005 -13"><span class='ocrx_word' id='word_1_371' title='bbox 888 1796 971 1824; x_wconf 79' lang='lat' dir='ltr'><strong>abdito</strong></span> <span class='ocrx_word' id='word_1_372' title='bbox 971 1795 1026 1833; x_wconf 73' lang='lat' dir='ltr'><strong>sint</strong></span> <span class='ocrx_word' id='word_1_373' title='bbox 1034 1802 1153 1825; x_wconf 69' lang='lat' dir='ltr'><strong>coortam,</strong></span> <span class='ocrx_word' id='word_1_374' title='bbox 1171 1797 1215 1823; x_wconf 81' lang='lat' dir='ltr'><strong>eis.</strong></span> <span class='ocrx_word' id='word_1_375' title='bbox 1235 1798 1303 1824; x_wconf 84' lang='lat' dir='ltr'><strong>Nam</strong></span> <span class='ocrx_word' id='word_1_376' title='bbox 1323 1795 1390 1823; x_wconf 87' lang='lat' dir='ltr'><strong>modo</strong></span> <span class='ocrx_word' id='word_1_377' title='bbox 1405 1802 1511 1824; x_wconf 84' lang='lat' dir='ltr'><strong>coortum</strong></span> <span class='ocrx_word' id='word_1_378' title='bbox 1527 1797 1604 1825; x_wconf 84' lang='lat' dir='ltr'><strong>debet</strong></span> <span class='ocrx_word' id='word_1_379' title='bbox 1618 1798 1705 1836; x_wconf 83' lang='lat' dir='ltr'><strong>jungi.</strong></span> 
     </span>
     <span class='ocr_line' id='line_1_34' title="bbox 888 1837 962 1861; baseline -0.027 0"><span class='ocrx_word' id='word_1_380' title='bbox 888 1837 962 1861; x_wconf 76' lang='lat' dir='ltr'><strong>Gran.</strong></span> 
     </span>
     <span class='ocr_line' id='line_1_35' title="bbox 49 1868 1702 1906; baseline 0.001 -8"><span class='ocrx_word' id='word_1_381' title='bbox 49 1870 211 1899; x_wconf 81' lang='lat' dir='ltr'><strong>Claudianus</strong></span> <span class='ocrx_word' id='word_1_382' title='bbox 220 1871 251 1898; x_wconf 91' lang='lat' dir='ltr'><strong>de</strong></span> <span class='ocrx_word' id='word_1_383' title='bbox 260 1870 469 1898; x_wconf 84' lang='lat' dir='ltr'><strong>1V.Consulatu</strong></span> <span class='ocrx_word' id='word_1_384' title='bbox 479 1871 640 1900; x_wconf 81' lang='lat' dir='ltr'><strong>Honorii,&amp;</strong></span> <span class='ocrx_word' id='word_1_385' title='bbox 650 1872 677 1898; x_wconf 92' lang='lat' dir='ltr'><strong>in</strong></span> <span class='ocrx_word' id='word_1_386' title='bbox 693 1870 859 1904; x_wconf 85' lang='lat' dir='ltr'><strong>Eutropium</strong></span> <span class='ocrx_word' id='word_1_387' title='bbox 922 1870 942 1897; x_wconf 90' lang='lat' dir='ltr'>k</span> <span class='ocrx_word' id='word_1_388' title='bbox 960 1868 1003 1896; x_wconf 83' lang='lat' dir='ltr'><strong>Ab</strong></span> <span class='ocrx_word' id='word_1_389' title='bbox 1017 1878 1093 1896; x_wconf 77' lang='lat' dir='ltr'><strong>arvu·</strong></span> <span class='ocrx_word' id='word_1_390' title='bbox 1103 1869 1250 1904; x_wconf 72' lang='lat' dir='ltr'><strong>patentibus</strong></span> <span class='ocrx_word' id='word_1_391' title='bbox 1261 1869 1320 1905; x_wconf 86' lang='lat' dir='ltr'><strong>jam</strong></span> <span class='ocrx_word' id='word_1_392' title='bbox 1329 1872 1456 1906; x_wconf 78' lang='lat' dir='ltr'><strong>peregrini</strong></span> <span class='ocrx_word' id='word_1_393' title='bbox 1469 1869 1550 1906; x_wconf 79' lang='lat' dir='ltr'><strong>fhlm.</strong></span> <span class='ocrx_word' id='word_1_394' title='bbox 1568 1872 1668 1899; x_wconf 68' lang='lat' dir='ltr'><strong>Martis.</strong></span> <span class='ocrx_word' id='word_1_395' title='bbox 1687 1876 1702 1905; x_wconf 78' lang='grc' dir='ltr'><em>Ἰ</em></span> 
     </span>
     <span class='ocr_line' id='line_1_36' title="bbox 50 1906 1698 1945; baseline 0.001 -11"><span class='ocrx_word' id='word_1_396' title='bbox 50 1908 126 1937; x_wconf 85' lang='lat' dir='ltr'><strong>lib.2.</strong></span> <span class='ocrx_word' id='word_1_397' title='bbox 147 1910 312 1944; x_wconf 86' lang='lat' dir='ltr'><strong>Grutungos</strong></span> <span class='ocrx_word' id='word_1_398' title='bbox 326 1915 418 1939; x_wconf 81' lang='lat' dir='ltr'><strong>vocat,</strong></span> <span class='ocrx_word' id='word_1_399' title='bbox 439 1909 451 1941; x_wconf 90' lang='lat'><strong>[</strong></span> <span class='ocrx_word' id='word_1_400' title='bbox 469 1915 501 1934; x_wconf 90' lang='lat' dir='ltr'><strong>ut</strong></span> <span class='ocrx_word' id='word_1_401' title='bbox 518 1909 545 1936; x_wconf 64' lang='grc' dir='ltr'><strong>ὃς</strong></span> <span class='ocrx_word' id='word_1_402' title='bbox 562 1907 648 1934; x_wconf 87' lang='lat' dir='ltr'><strong>Pollio</strong></span> <span class='ocrx_word' id='word_1_403' title='bbox 664 1909 691 1934; x_wconf 86' lang='lat' dir='ltr'><strong>in</strong></span> <span class='ocrx_word' id='word_1_404' title='bbox 709 1906 855 1943; x_wconf 86' lang='lat' dir='ltr'><strong>Claudio.]</strong></span> <span class='ocrx_word' id='word_1_405' title='bbox 888 1909 970 1942; x_wconf 84' lang='lat' dir='ltr'><strong>Magis</strong></span> <span class='ocrx_word' id='word_1_406' title='bbox 979 1906 1061 1941; x_wconf 84' lang='lat' dir='ltr'><strong>placet</strong></span> <span class='ocrx_word' id='word_1_407' title='bbox 1070 1907 1226 1942; x_wconf 70' lang='lat' dir='ltr'><strong>exemplaris</strong></span> <span class='ocrx_word' id='word_1_408' title='bbox 1236 1908 1311 1942; x_wconf 76' lang='lat' dir='ltr'><strong>Regii</strong></span> <span class='ocrx_word' id='word_1_409' title='bbox 1332 1906 1346 1921; x_wconf 74' lang='lat'><strong>”⁶</strong></span> <span class='ocrx_word' id='word_1_410' title='bbox 1367 1907 1501 1936; x_wconf 71' lang='lat' dir='ltr'><strong>&amp;Tolofi</strong></span> <span class='ocrx_word' id='word_1_411' title='bbox 1523 1907 1594 1942; x_wconf 65' lang='grc' dir='ltr'><strong>*[εε</strong></span> <span class='ocrx_word' id='word_1_412' title='bbox 1602 1909 1698 1945; x_wconf 87' lang='lat' dir='ltr'><strong>Colb.]</strong></span> 
     </span>
     <span class='ocr_line' id='line_1_37' title="bbox 51 1942 1701 1982; baseline 0.002 -12"><span class='ocrx_word' id='word_1_413' title='bbox 51 1945 134 1982; x_wconf 67' lang='lat' dir='ltr'><strong>Valqs)</strong></span> <span class='ocrx_word' id='word_1_414' title='bbox 886 1944 1016 1980; x_wconf 85' lang='lat' dir='ltr'><strong>scriptura</strong></span> <span class='ocrx_word' id='word_1_415' title='bbox 1025 1961 1031 1972; x_wconf 84' lang='lat'>,</span> <span class='ocrx_word' id='word_1_416' title='bbox 1050 1942 1207 1978; x_wconf 74' lang='lat' dir='ltr'><strong>distinguitur</strong></span> <span class='ocrx_word' id='word_1_417' title='bbox 1216 1945 1232 1971; x_wconf 73' lang='grc' dir='ltr'><strong>ιὶ</strong></span> <span class='ocrx_word' id='word_1_418' title='bbox 1242 1942 1363 1971; x_wconf 64' lang='lat' dir='ltr'><strong>&amp;arbaris</strong></span> <span class='ocrx_word' id='word_1_419' title='bbox 1365 1943 1510 1978; x_wconf 75' lang='lat' dir='ltr'><strong>patentibus</strong></span> <span class='ocrx_word' id='word_1_420' title='bbox 1512 1945 1571 1980; x_wconf 83' lang='lat' dir='ltr'><strong>jam</strong></span> <span class='ocrx_word' id='word_1_421' title='bbox 1576 1948 1701 1981; x_wconf 77' lang='lat' dir='ltr'><strong>peregrini</strong></span> 
     </span>
     <span class='ocr_line' id='line_1_38' title="bbox 85 1979 1696 2018; baseline -0.001 -8"><span class='ocrx_word' id='word_1_422' title='bbox 85 1990 104 2018; x_wconf 86' lang='lat' dir='ltr'><strong>g</strong></span> <span class='ocrx_word' id='word_1_423' title='bbox 122 1985 259 2018; x_wconf 83' lang='lat' dir='ltr'><strong>Rumpente</strong></span> <span class='ocrx_word' id='word_1_424' title='bbox 267 1982 342 2009; x_wconf 66' lang='lat' dir='ltr'><strong>noa‘i‘ie</strong></span> <span class='ocrx_word' id='word_1_425' title='bbox 350 1979 455 2008; x_wconf 72' lang='lat' dir='ltr'><strong>tenebris</strong></span> <span class='ocrx_word' id='word_1_426' title='bbox 464 1983 568 2014; x_wconf 58' lang='lat' dir='ltr'><strong>Luna]</strong></span> <span class='ocrx_word' id='word_1_427' title='bbox 578 1983 635 2009; x_wconf 88' lang='lat' dir='ltr'><strong>Aut</strong></span> <span class='ocrx_word' id='word_1_428' title='bbox 642 1979 810 2008; x_wconf 86' lang='lat' dir='ltr'><strong>scribendum</strong></span> <span class='ocrx_word' id='word_1_429' title='bbox 820 1979 857 2006; x_wconf 89' lang='lat' dir='ltr'><strong>est</strong></span> <span class='ocrx_word' id='word_1_430' title='bbox 878 1979 1034 2017; x_wconf 78' lang='lat' dir='ltr'><strong>fulminibus</strong></span> <span class='ocrx_word' id='word_1_431' title='bbox 1043 1982 1145 2007; x_wconf 81' lang='lat' dir='ltr'><strong>Martis.</strong></span> <span class='ocrx_word' id='word_1_432' title='bbox 1165 1981 1263 2008; x_wconf 85' lang='lat' dir='ltr'><strong>Sensus</strong></span> <span class='ocrx_word' id='word_1_433' title='bbox 1273 1989 1362 2007; x_wconf 85' lang='lat' dir='ltr'><strong>autem</strong></span> <span class='ocrx_word' id='word_1_434' title='bbox 1377 1981 1417 2008; x_wconf 84' lang='lat' dir='ltr'><strong>hic</strong></span> <span class='ocrx_word' id='word_1_435' title='bbox 1433 1980 1471 2008; x_wconf 88' lang='lat' dir='ltr'><strong>est</strong></span> <span class='ocrx_word' id='word_1_436' title='bbox 1507 1982 1566 2008; x_wconf 89' lang='lat' dir='ltr'><strong>ideo</strong></span> <span class='ocrx_word' id='word_1_437' title='bbox 1585 1983 1696 2018; x_wconf 68' lang='lat' dir='ltr'><strong>Gothos</strong></span> 
     </span>
     <span class='ocr_line' id='line_1_39' title="bbox 46 2016 1699 2054; baseline 0 -8"><span class='ocrx_word' id='word_1_438' title='bbox 46 2018 175 2048; x_wconf 73' lang='lat' dir='ltr'><strong>tenebras,</strong></span> <span class='ocrx_word' id='word_1_439' title='bbox 190 2017 302 2047; x_wconf 69' lang='lat' dir='ltr'><strong>auriane</strong></span> <span class='ocrx_word' id='word_1_440' title='bbox 314 2017 533 2054; x_wconf 64' lang='lat' dir='ltr'><strong>erumpentenoffiae</strong></span> <span class='ocrx_word' id='word_1_441' title='bbox 540 2017 646 2045; x_wconf 66' lang='lat' dir='ltr'><strong>tenebra</strong></span> <span class='ocrx_word' id='word_1_442' title='bbox 656 2020 737 2045; x_wconf 80' lang='lat' dir='ltr'><strong>Luna.</strong></span> <span class='ocrx_word' id='word_1_443' title='bbox 758 2016 839 2044; x_wconf 84' lang='lat' dir='ltr'><strong>Idem.</strong></span> <span class='ocrx_word' id='word_1_444' title='bbox 886 2018 1004 2045; x_wconf 80' lang='lat' dir='ltr'><strong>Thraciae</strong></span> <span class='ocrx_word' id='word_1_445' title='bbox 1013 2016 1085 2043; x_wconf 83' lang='lat' dir='ltr'><strong>sedes</strong></span> <span class='ocrx_word' id='word_1_446' title='bbox 1093 2017 1208 2052; x_wconf 77' lang='lat' dir='ltr'><strong>elegisse,</strong></span> <span class='ocrx_word' id='word_1_447' title='bbox 1229 2016 1306 2052; x_wconf 62' lang='lat' dir='ltr'><strong>qudd</strong></span> <span class='ocrx_word' id='word_1_448' title='bbox 1316 2017 1411 2045; x_wconf 79' lang='lat' dir='ltr'><strong>Histrb</strong></span> <span class='ocrx_word' id='word_1_449' title='bbox 1421 2017 1533 2045; x_wconf 71' lang='lat' dir='ltr'><strong>flumine</strong></span> <span class='ocrx_word' id='word_1_450' title='bbox 1541 2018 1650 2046; x_wconf 81' lang='lat' dir='ltr'><strong>Thracia</strong></span> <span class='ocrx_word' id='word_1_451' title='bbox 1660 2019 1699 2047; x_wconf 85' lang='lat' dir='ltr'><strong>di-</strong></span> 
     </span>
     <span class='ocr_line' id='line_1_40' title="bbox 84 2052 1698 2093; baseline -0.001 -10"><span class='ocrx_word' id='word_1_452' title='bbox 84 2055 102 2082; x_wconf 87' lang='lat' dir='ltr'>h</span> <span class='ocrx_word' id='word_1_453' title='bbox 121 2055 209 2092; x_wconf 80' lang='lat' dir='ltr'><strong>Gerasi</strong></span> <span class='ocrx_word' id='word_1_454' title='bbox 209 2056 353 2093; x_wconf 48' lang='lat' dir='ltr'><strong>flaminia]</strong></span> <span class='ocrx_word' id='word_1_455' title='bbox 376 2054 460 2089; x_wconf 87' lang='lat' dir='ltr'><strong>Qod</strong></span> <span class='ocrx_word' id='word_1_456' title='bbox 468 2054 499 2082; x_wconf 88' lang='lat' dir='ltr'><strong>ad</strong></span> <span class='ocrx_word' id='word_1_457' title='bbox 513 2056 655 2082; x_wconf 88' lang='lat' dir='ltr'><strong>Orientem</strong></span> <span class='ocrx_word' id='word_1_458' title='bbox 671 2061 728 2081; x_wconf 86' lang='lat' dir='ltr'><strong>erat</strong></span> <span class='ocrx_word' id='word_1_459' title='bbox 743 2055 858 2089; x_wconf 87' lang='lat' dir='ltr'><strong>antiquae</strong></span> <span class='ocrx_word' id='word_1_460' title='bbox 886 2056 1032 2082; x_wconf 76' lang='lat' dir='ltr'><strong>timeretur</strong></span> <span class='ocrx_word' id='word_1_461' title='bbox 1042 2052 1056 2080; x_wconf 63' lang='lat' dir='ltr'><strong>‘a</strong></span> <span class='ocrx_word' id='word_1_462' title='bbox 1066 2054 1179 2081; x_wconf 84' lang='lat' dir='ltr'><strong>barbaris</strong></span> <span class='ocrx_word' id='word_1_463' title='bbox 1189 2055 1313 2089; x_wconf 86' lang='lat' dir='ltr'><strong>gentibus</strong></span> <span class='ocrx_word' id='word_1_464' title='bbox 1324 2072 1331 2084; x_wconf 87' lang='lat'><strong>,</strong></span> <span class='ocrx_word' id='word_1_465' title='bbox 1355 2064 1414 2091; x_wconf 90' lang='lat' dir='ltr'><strong>quae</strong></span> <span class='ocrx_word' id='word_1_466' title='bbox 1424 2055 1521 2082; x_wconf 88' lang='lat' dir='ltr'><strong>bellicis</strong></span> <span class='ocrx_word' id='word_1_467' title='bbox 1530 2055 1644 2083; x_wconf 75' lang='lat' dir='ltr'><strong>cladibus</strong></span> <span class='ocrx_word' id='word_1_468' title='bbox 1652 2074 1659 2086; x_wconf 82' lang='lat'>‚</span> <span class='ocrx_word' id='word_1_469' title='bbox 1669 2058 1698 2086; x_wconf 72' lang='grc' dir='ltr'><strong>ὅτ.</strong></span> 
     </span>
     <span class='ocr_line' id='line_1_41' title="bbox 49 2090 1696 2127; baseline 0.001 -8"><span class='ocrx_word' id='word_1_470' title='bbox 49 2092 145 2120; x_wconf 85' lang='lat' dir='ltr'><strong>Daciae.</strong></span> <span class='ocrx_word' id='word_1_471' title='bbox 167 2093 296 2120; x_wconf 85' lang='lat' dir='ltr'><strong>Eumdem</strong></span> <span class='ocrx_word' id='word_1_472' title='bbox 307 2095 377 2119; x_wconf 82' lang='lat' dir='ltr'><strong>enim</strong></span> <span class='ocrx_word' id='word_1_473' title='bbox 394 2091 445 2118; x_wconf 82' lang='lat' dir='ltr'><strong>effe</strong></span> <span class='ocrx_word' id='word_1_474' title='bbox 460 2092 591 2120; x_wconf 86' lang='lat' dir='ltr'><strong>Gerasum</strong></span> <span class='ocrx_word' id='word_1_475' title='bbox 607 2090 730 2118; x_wconf 85' lang='lat' dir='ltr'><strong>existimo</strong></span> <span class='ocrx_word' id='word_1_476' title='bbox 747 2100 809 2118; x_wconf 89' lang='lat' dir='ltr'><strong>cum</strong></span> <span class='ocrx_word' id='word_1_477' title='bbox 825 2099 858 2117; x_wconf 90' lang='lat' dir='ltr'><strong>eo</strong></span> <span class='ocrx_word' id='word_1_478' title='bbox 888 2093 967 2119; x_wconf 88' lang='lat' dir='ltr'><strong>Marti</strong></span> <span class='ocrx_word' id='word_1_479' title='bbox 976 2091 1028 2125; x_wconf 83' lang='lat' dir='ltr'><strong>jam</strong></span> <span class='ocrx_word' id='word_1_480' title='bbox 1036 2093 1178 2126; x_wconf 80' lang='lat' dir='ltr'><strong>peregrino</strong></span> <span class='ocrx_word' id='word_1_481' title='bbox 1188 2090 1315 2127; x_wconf 77' lang='lat' dir='ltr'><strong>expositae</strong></span> <span class='ocrx_word' id='word_1_482' title='bbox 1324 2099 1408 2119; x_wconf 85' lang='lat' dir='ltr'><strong>erant.</strong></span> <span class='ocrx_word' id='word_1_483' title='bbox 1420 2093 1491 2119; x_wconf 88' lang='lat' dir='ltr'><strong>Mars</strong></span> <span class='ocrx_word' id='word_1_484' title='bbox 1501 2093 1696 2121; x_wconf 82' lang='lat' dir='ltr'><strong>eniminThra-</strong></span> 
     </span>
     <span class='ocr_line' id='line_1_42' title="bbox 50 2128 1696 2165; baseline 0.001 -9"><span class='ocrx_word' id='word_1_485' title='bbox 50 2137 132 2164; x_wconf 85' lang='lat' dir='ltr'><strong>quem</strong></span> <span class='ocrx_word' id='word_1_486' title='bbox 146 2130 309 2158; x_wconf 78' lang='lat' dir='ltr'><strong>Ptolemaeus</strong></span> <span class='ocrx_word' id='word_1_487' title='bbox 320 2132 406 2164; x_wconf 58' lang='grc' dir='ltr'><strong>ὶέεᾳσοι</strong></span> <span class='ocrx_word' id='word_1_488' title='bbox 414 2137 492 2156; x_wconf 79' lang='lat' dir='ltr'><strong>vocat</strong></span> <span class='ocrx_word' id='word_1_489' title='bbox 500 2130 527 2156; x_wconf 86' lang='lat' dir='ltr'><strong>in</strong></span> <span class='ocrx_word' id='word_1_490' title='bbox 537 2129 724 2165; x_wconf 84' lang='lat' dir='ltr'><strong>Descriptione</strong></span> <span class='ocrx_word' id='word_1_491' title='bbox 732 2128 857 2157; x_wconf 78' lang='lat' dir='ltr'><strong>Daciae‚&amp;</strong></span> <span class='ocrx_word' id='word_1_492' title='bbox 883 2130 921 2156; x_wconf 78' lang='lat' dir='ltr'><strong>cia</strong></span> <span class='ocrx_word' id='word_1_493' title='bbox 934 2136 1012 2155; x_wconf 87' lang='lat' dir='ltr'><strong>natus</strong></span> <span class='ocrx_word' id='word_1_494' title='bbox 1028 2128 1139 2158; x_wconf 81' lang='lat' dir='ltr'><strong>dicitur,</strong></span> <span class='ocrx_word' id='word_1_495' title='bbox 1159 2136 1191 2156; x_wconf 89' lang='lat' dir='ltr'><strong>ut</strong></span> <span class='ocrx_word' id='word_1_496' title='bbox 1207 2128 1288 2156; x_wconf 81' lang='lat' dir='ltr'><strong>docet</strong></span> <span class='ocrx_word' id='word_1_497' title='bbox 1304 2129 1443 2156; x_wconf 82' lang='lat' dir='ltr'><strong>Arnobius</strong></span> <span class='ocrx_word' id='word_1_498' title='bbox 1461 2131 1487 2156; x_wconf 83' lang='lat' dir='ltr'><strong>in</strong></span> <span class='ocrx_word' id='word_1_499' title='bbox 1502 2129 1542 2156; x_wconf 86' lang='lat' dir='ltr'><strong>lib.</strong></span> <span class='ocrx_word' id='word_1_500' title='bbox 1560 2138 1584 2161; x_wconf 82' lang='lat'><strong>4.</strong></span> <span class='ocrx_word' id='word_1_501' title='bbox 1599 2137 1696 2157; x_wconf 79' lang='lat' dir='ltr'><strong>comta</strong></span> 
     </span>
     <span class='ocr_line' id='line_1_43' title="bbox 49 2164 1695 2204; baseline 0 -12"><span class='ocrx_word' id='word_1_502' title='bbox 49 2164 104 2193; x_wconf 81' lang='lat' dir='ltr'><strong>sola</strong></span> <span class='ocrx_word' id='word_1_503' title='bbox 128 2169 351 2202; x_wconf 83' lang='lat' dir='ltr'><strong>pronuntiatione</strong></span> <span class='ocrx_word' id='word_1_504' title='bbox 365 2164 475 2193; x_wconf 85' lang='lat' dir='ltr'><strong>differre</strong></span> <span class='ocrx_word' id='word_1_505' title='bbox 495 2165 512 2182; x_wconf 82' lang='grc'><em>*</em></span> <span class='ocrx_word' id='word_1_506' title='bbox 534 2166 590 2193; x_wconf 79' lang='lat' dir='ltr'><strong>haec</strong></span> <span class='ocrx_word' id='word_1_507' title='bbox 612 2167 729 2192; x_wconf 87' lang='lat' dir='ltr'><strong>nomina.</strong></span> <span class='ocrx_word' id='word_1_508' title='bbox 750 2164 857 2192; x_wconf 80' lang='lat' dir='ltr'><strong>Accolis</strong></span> <span class='ocrx_word' id='word_1_509' title='bbox 885 2168 1005 2193; x_wconf 87' lang='lat' dir='ltr'><strong>Gentes.-</strong></span> <span class='ocrx_word' id='word_1_510' title='bbox 1015 2165 1082 2204; x_wconf 81' lang='lat' dir='ltr'><strong>Qis</strong></span> <span class='ocrx_word' id='word_1_511' title='bbox 1090 2167 1241 2201; x_wconf 77' lang='lat' dir='ltr'><strong>Spartanum</strong></span> <span class='ocrx_word' id='word_1_512' title='bbox 1249 2164 1318 2201; x_wconf 68' lang='lat' dir='ltr'><strong>finffi’</strong></span> <span class='ocrx_word' id='word_1_513' title='bbox 1336 2167 1461 2194; x_wconf 82' lang='lat' dir='ltr'><strong>Martem?</strong></span> <span class='ocrx_word' id='word_1_514' title='bbox 1481 2175 1558 2193; x_wconf 79' lang='lat' dir='ltr'><strong>nonne</strong></span> <span class='ocrx_word' id='word_1_515' title='bbox 1573 2165 1695 2201; x_wconf 77' lang='lat' dir='ltr'><strong>Epichar-</strong></span> 
     </span>
     <span class='ocr_line' id='line_1_44' title="bbox 45 2200 1693 2240; baseline 0 -10"><span class='ocrx_word' id='word_1_516' title='bbox 45 2211 121 2230; x_wconf 85' lang='lat' dir='ltr'><strong>nunc</strong></span> <span class='ocrx_word' id='word_1_517' title='bbox 136 2202 234 2232; x_wconf 85' lang='lat' dir='ltr'><strong>dicitur</strong></span> <span class='ocrx_word' id='word_1_518' title='bbox 249 2205 323 2234; x_wconf 83' lang='lat' dir='ltr'><strong>Prut‚</strong></span> <span class='ocrx_word' id='word_1_519' title='bbox 343 2202 410 2231; x_wconf 86' lang='lat' dir='ltr'><strong>teste</strong></span> <span class='ocrx_word' id='word_1_520' title='bbox 427 2202 560 2231; x_wconf 85' lang='lat' dir='ltr'><strong>Cluverio</strong></span> <span class='ocrx_word' id='word_1_521' title='bbox 577 2204 605 2230; x_wconf 91' lang='lat' dir='ltr'><strong>in</strong></span> <span class='ocrx_word' id='word_1_522' title='bbox 612 2201 657 2230; x_wconf 87' lang='lat' dir='ltr'><strong>lib.</strong></span> <span class='ocrx_word' id='word_1_523' title='bbox 668 2210 689 2236; x_wconf 85' lang='lat'><strong>3.</strong></span> <span class='ocrx_word' id='word_1_524' title='bbox 705 2210 758 2238; x_wconf 87' lang='lat' dir='ltr'><strong>cap.</strong></span> <span class='ocrx_word' id='word_1_525' title='bbox 773 2208 817 2240; x_wconf 68' lang='lat'><strong>41.</strong></span> <span class='ocrx_word' id='word_1_526' title='bbox 838 2200 855 2218; x_wconf 70' lang='lat'><strong>⁸²</strong></span> <span class='ocrx_word' id='word_1_527' title='bbox 884 2211 940 2230; x_wconf 75' lang='lat' dir='ltr'><strong>mus</strong></span> <span class='ocrx_word' id='word_1_528' title='bbox 953 2201 1095 2237; x_wconf 65' lang='lat' dir='ltr'><strong>afflorest?</strong></span> <span class='ocrx_word' id='word_1_529' title='bbox 1114 2205 1172 2239; x_wconf 82' lang='lat' dir='ltr'><strong>quis</strong></span> <span class='ocrx_word' id='word_1_530' title='bbox 1187 2205 1212 2229; x_wconf 87' lang='lat' dir='ltr'><strong>in</strong></span> <span class='ocrx_word' id='word_1_531' title='bbox 1229 2202 1340 2230; x_wconf 79' lang='lat' dir='ltr'><strong>Thract&#39;ae</strong></span> <span class='ocrx_word' id='word_1_532' title='bbox 1348 2201 1446 2239; x_wconf 75' lang='lat' dir='ltr'><strong>finibus·</strong></span> <span class='ocrx_word' id='word_1_533' title='bbox 1458 2204 1630 2238; x_wconf 78' lang='lat' dir='ltr'><strong>procreatum?</strong></span> <span class='ocrx_word' id='word_1_534' title='bbox 1646 2212 1693 2230; x_wconf 74' lang='lat' dir='ltr'><strong>non</strong></span> 
     </span>
     <span class='ocr_line' id='line_1_45' title="bbox 43 2237 1692 2276; baseline -0.001 -9"><span class='ocrx_word' id='word_1_535' title='bbox 43 2238 121 2268; x_wconf 69' lang='lat' dir='ltr'><strong>Idem.</strong></span> <span class='ocrx_word' id='word_1_536' title='bbox 885 2237 1012 2275; x_wconf 79' lang='lat' dir='ltr'><strong>Sophocles</strong></span> <span class='ocrx_word' id='word_1_537' title='bbox 1026 2241 1130 2266; x_wconf 76' lang='lat' dir='ltr'><strong>Atticm</strong></span> <span class='ocrx_word' id='word_1_538' title='bbox 1145 2239 1240 2267; x_wconf 57' lang='lat' dir='ltr'><strong>cunffis</strong></span> <span class='ocrx_word' id='word_1_539' title='bbox 1253 2239 1454 2276; x_wconf 55' lang='lat' dir='ltr'><strong>consentientibus</strong></span> <span class='ocrx_word' id='word_1_540' title='bbox 1470 2239 1577 2267; x_wconf 77' lang='lat' dir='ltr'><strong>theatris</strong></span> <span class='ocrx_word' id='word_1_541' title='bbox 1591 2247 1600 2270; x_wconf 69' lang='grc' dir='ltr'>ξ</span> <span class='ocrx_word' id='word_1_542' title='bbox 1621 2241 1692 2267; x_wconf 74' lang='lat' dir='ltr'><strong>Hinc</strong></span> 
     </span>
     <span class='ocr_line' id='line_1_46' title="bbox 80 2274 1255 2313; baseline -0.001 -10"><span class='ocrx_word' id='word_1_543' title='bbox 80 2277 90 2303; x_wconf 86' lang='lat' dir='ltr'><strong>i</strong></span> <span class='ocrx_word' id='word_1_544' title='bbox 108 2275 290 2313; x_wconf 61' lang='lat' dir='ltr'><strong>Modoruens]</strong></span> <span class='ocrx_word' id='word_1_545' title='bbox 307 2279 349 2305; x_wconf 85' lang='lat' dir='ltr'><strong>Sic</strong></span> <span class='ocrx_word' id='word_1_546' title='bbox 360 2276 504 2305; x_wconf 84' lang='lat' dir='ltr'><strong>Accurfius</strong></span> <span class='ocrx_word' id='word_1_547' title='bbox 513 2275 607 2306; x_wconf 87' lang='lat' dir='ltr'><strong>edidit,</strong></span> <span class='ocrx_word' id='word_1_548' title='bbox 626 2284 660 2304; x_wconf 87' lang='lat' dir='ltr'><strong>ex</strong></span> <span class='ocrx_word' id='word_1_549' title='bbox 677 2274 834 2310; x_wconf 67' lang='lat' dir='ltr'><strong>conjectura</strong></span> <span class='ocrx_word' id='word_1_550' title='bbox 847 2294 854 2306; x_wconf 89' lang='lat'><strong><em>,</em></strong></span> <span class='ocrx_word' id='word_1_551' title='bbox 887 2275 1010 2304; x_wconf 87' lang='lat' dir='ltr'><strong>Manilius</strong></span> <span class='ocrx_word' id='word_1_552' title='bbox 1021 2277 1046 2303; x_wconf 89' lang='lat' dir='ltr'><strong>in</strong></span> <span class='ocrx_word' id='word_1_553' title='bbox 1057 2276 1134 2308; x_wconf 87' lang='lat' dir='ltr'><strong>lib.4.</strong></span> <span class='ocrx_word' id='word_1_554' title='bbox 1146 2276 1255 2303; x_wconf 80' lang='lat' dir='ltr'><strong>Astron.</strong></span> 
     </span>
     <span class='ocr_line' id='line_1_47' title="bbox 47 2309 1621 2352; baseline -0.002 -10"><span class='ocrx_word' id='word_1_555' title='bbox 47 2318 82 2342; x_wconf 75' lang='lat' dir='ltr'><strong>ur</strong></span> <span class='ocrx_word' id='word_1_556' title='bbox 91 2314 200 2351; x_wconf 79' lang='lat' dir='ltr'><strong>opinor.</strong></span> <span class='ocrx_word' id='word_1_557' title='bbox 220 2312 307 2343; x_wconf 64' lang='lat' dir='ltr'><strong>Certe</strong></span> <span class='ocrx_word' id='word_1_558' title='bbox 322 2317 350 2343; x_wconf 89' lang='lat' dir='ltr'><strong>in</strong></span> <span class='ocrx_word' id='word_1_559' title='bbox 368 2314 430 2343; x_wconf 66' lang='grc' dir='ltr'><strong>ΜΠ.</strong></span> <span class='ocrx_word' id='word_1_560' title='bbox 440 2314 516 2344; x_wconf 75' lang='lat' dir='ltr'><strong>Flor.</strong></span> <span class='ocrx_word' id='word_1_561' title='bbox 531 2314 654 2352; x_wconf 77' lang='lat' dir='ltr'><strong>&amp;Regio</strong></span> <span class='ocrx_word' id='word_1_562' title='bbox 673 2313 690 2330; x_wconf 67' lang='lat'><strong>&#39;¹‘</strong></span> <span class='ocrx_word' id='word_1_563' title='bbox 711 2311 815 2344; x_wconf 66' lang='lat' dir='ltr'><strong>&amp;Tot</strong></span> <span class='ocrx_word' id='word_1_564' title='bbox 837 2312 853 2329; x_wconf 69' lang='lat'><strong>&#39;⁵</strong></span> <span class='ocrx_word' id='word_1_565' title='bbox 993 2309 1082 2343; x_wconf 75' lang='lat'><em>---&amp;</em></span> <span class='ocrx_word' id='word_1_566' title='bbox 1090 2313 1180 2340; x_wconf 82' lang='lat' dir='ltr'><strong>Threce</strong></span> <span class='ocrx_word' id='word_1_567' title='bbox 1188 2316 1300 2344; x_wconf 81' lang='lat' dir='ltr'><strong>Martem</strong></span> <span class='ocrx_word' id='word_1_568' title='bbox 1301 2311 1395 2350; x_wconf 72' lang='lat' dir='ltr'><strong>sbrtita</strong></span> <span class='ocrx_word' id='word_1_569' title='bbox 1404 2311 1519 2346; x_wconf 81' lang='lat' dir='ltr'><strong>colonum.</strong></span> <span class='ocrx_word' id='word_1_570' title='bbox 1538 2312 1621 2341; x_wconf 76' lang='lat' dir='ltr'><strong>vales.</strong></span> 
     </span>
    </p>
   </div>
   <div class='ocr_carea' id='block_1_6' title="bbox 998 2351 1217 2407">
    <p class='ocr_par' dir='ltr' id='par_1_8' title="bbox 998 2351 1217 2407">
     <span class='ocr_line' id='line_1_48' title="bbox 998 2351 1217 2407; baseline 0.005 -2"><span class='ocrx_word' id='word_1_571' title='bbox 998 2351 1161 2407; x_wconf 79' lang='lat' dir='ltr'>Qqqq</span> <span class='ocrx_word' id='word_1_572' title='bbox 1196 2365 1217 2392; x_wconf 83' lang='lat'><em>2</em></span> 
     </span>
    </p>
   </div>
  </div>
 </body>
</html>
