2007 2658
121 42 573 79 „mmmm-Eusebio&
817 20 1381 102 LIB.X1X.CAP.V11.
1614 74 1711 128 23⁷

153 86 175 109 H
208 83 256 107 aiio
267 80 333 107 Coll'.
342 84 414 104 Anno
425 80 481 103 Cht.
491 85 548 109 359.

53 92 315 170 arbitraliitium
337 136 404 176 per
425 119 602 160 stationes
622 118 739 159 muris
762 117 928 172 objestas
951 118 1125 173 irrupisse
1137 123 1338 166 Romanos
1356 143 1363 167 :
1400 128 1637 187 indutiisque
1657 135 1712 175 ob

52 187 128 226 hoc
144 183 264 225 tridui
284 180 382 220 datis
395 173 547 217 adsensu
568 175 791 222 communi,
818 187 888 214 nos
902 188 1064 228 quoque
1082 176 1247 230 spatium
1260 182 1308 221 ad
1322 183 1582 239 respirandum
1602 204 1711 232 acce..

51 244 195 296 pimus.

49 327 50 345 ¹
105 299 144 339 C
158 311 184 338 A
200 310 232 335 P.
256 292 352 335 VII.
386 287 570 329 Perculsae
593 286 733 327 deinde
758 288 931 328 novitate
943 289 996 329 rei
1008 288 1255 344 efferataeque
1267 305 1397 346 gentes
1412 325 1424 344 ,
1452 300 1588 340 omissa
1601 305 1708 346 omni

0 367 3 371 ·
48 353 315 395 Ἐιιῃᾶατὶοηε,
344 344 547 399 operibus,
578 345 765 398 quoniam
786 345 844 384 vis
856 345 1016 385 minime
1028 346 1288 400 procedebat,
1320 349 1518 396 decernere
1525 359 1607 410 jam
1620 372 1708 400 cen-

46 405 174 455 sebant
189 423 201 446 τ
228 409 263 446 δε
279 403 434 443 concito
454 411 629 441 extremo
651 400 739 440 belli
751 401 887 440 ardore
903 430 916 449 ,
942 416 1076 442 omnes
1092 414 1279 457 oppetere
1290 404 1541 463 gloriosejam
1563 426 1708 469 prope-

3 470 4 476 ’
45 461 178 505 'rabant
190 490 202 510 ,
232 470 297 501 aut
310 460 416 498 ruina
435 458 538 498 urbis
556 458 690 497 animis
711 457 830 498 litasse
844 458 1042 499 caesorum.
1068 459 1240 514 Jamque
1261 475 1451 515 apparatu
1473 470 1704 514 cunstorum

0 518 6 542 l

0 574 6 599 l

0 632 7 657 Ε

0 682 8 715 l.

0 743 8 771 't

43 505 237 568 lalacritate
260 513 437 570 perfe&o
459 542 469 559 ‚
500 513 693 555 exsiliente
713 512 902 563 lucifero,
931 529 1095 570 operum
1120 530 1233 556 variae
1261 517 1404 571 species
1427 534 1516 562 cum
1539 528 1705 569 turribus

43 570 45 579 ’
61 577 190 617 erratis
206 572 533 614 admovebantur:
569 584 739 624 quorum
763 572 801 611 in
811 572 1018 612 verticibus
1034 571 1138 612 celfis
1160 584 1298 626 aptatae
1312 575 1468 616 ballistae
1481 593 1703 635 propugna-

59 646 142 674 ores
163 632 350 687 agitantes
361 628 543 668 humilius
556 627 816 681 disjefilabant.
850 629 902 668 Et
912 629 1124 668 albescente
1139 630 1220 682 jam
1233 630 1317 678 die,
1346 631 1468 673 ferrea
1486 638 1702 679 munimen-

59 694 83 729 a'
90 689 352 730 membrorum
363 684 499 725 caelum
518 697 634 723 omne
644 682 872 725 subtexunt:
905 684 1182 739 densitataeque
1197 687 1296 728 acies
1308 702 1384 730 non
1397 690 1645 734 inordinatim
1657 706 1702 736 ut

62 757 173 792 ntea,
201 744 266 784 sed
287 742 467 783 tubarum
492 740 621 779 sonitu:
646 739 721 779 leni
739 739 923 780 duecante
944 767 953 785 ‚
983 741 1095 781 nullis
1113 743 1425 795 procursantibus
1447 747 1700 800 incedebant,

0 801 23 838 ²1*
80 802 301 843 achinarum
322 797 449 851 operti
465 795 724 850 tegminibus,
749 796 949 851 cratesque
969 799 1153 839 vimineas
1174 802 1466 853 praetendenteS.
1512 806 1700 862 Cumque

0 860 23 892 ἰν
69 859 343 912 ropinquantes
361 853 411 893 ad
433 853 649 905 conjectum
670 865 807 892 venere
828 853 996 915 telorum
1010 884 1028 901 ,
1063 856 1256 910 oppositis
1279 858 1393 900 scutis
1406 861 1525 902 Persae
1546 864 1698 917 pedites

0 916 13 941 ²=
71 915 187 970 gittas
208 911 409 952 tormentis
433 909 611 950 excuffas
627 908 649 948 ὲ
668 910 786 949 muris
809 910 947 964 aegrius
965 912 1152 951 evitantes
1174 940 1186 959 ,
1215 913 1392 956 laxarunt
1413 919 1558 964 aciem,
1588 920 1700 962 nullo

0 971 3 983 b

98 984 145 1010 ne
161 968 282 1022 jaculi
306 979 442 1022 genere
461 966 499 1005 in
510 978 651 1006 vanum
675 965 856 1006 cadente:
887 967 1004 1007 etiam
1019 967 1256 1022 cataphracsti
1274 971 1443 1014 hebetati
1465 976 1695 1018 &cedentes

0 1038 2 1047 ·
31 1027 180 1081 &nimos
191 1033 330 1065 auxere
342 1021 570 1063 nostrorum.
601 1022 756 1062 Tamen
766 1023 860 1077 quia
880 1021 1032 1064 hostiles
1044 1023 1202 1065 ballistae
1211 1024 1357 1068 ferratis
1369 1031 1561 1085 impositae
1579 1035 1695 1073 turri-

32 1082 103 1124 bus
116 1111 127 1128 ,
157 1083 195 1122 in
216 1079 423 1121 humiliora
443 1092 491 1119 ex
512 1077 687 1133 superni-s.
702 1078 894 1126 valentes,
923 1090 968 1119 ut
988 1080 1080 1120 loco
1101 1080 1277 1135 dispari,
1302 1085 1510 1127 itaeventu
1522 1087 1694 1131 diffimili

29 1138 159 1189 pnostra
175 1138 299 1177 multo
320 1149 455 1176 cruore
474 1133 677 1176 foedabant
694 1150 703 1175 z
732 1136 934 1189 ingruente
938 1137 1188 1191 jamvespera
1202 1140 1292 1179 cum
1305 1141 1584 1194 requiescerent
1604 1158 1693 1197 paro

28 1192 88 1235 hes
103 1221 116 1242 ‚
144 1193 266 1234 nostis
279 1192 442 1244 spatium
456 1192 576 1244 majus
595 1190 870 1245 consumptum
885 1191 963 1243 est,
993 1204 1038 1233 ut
1049 1195 1265 1249 excogitari
1286 1197 1427 1250 poffit,
1458 1200 1557 1253 quid
1566 1202 1692 1244 exitio

29 1252 84 1292 ‘ta
108 1250 232 1290 atroci
252 1248 516 1302 objestaretur.
558 1247 610 1288 Et
630 1247 787 1288 tandem
808 1248 931 1289 multa
956 1249 1189 1291 versantibus
1209 1251 1321 1292 nobis
1343 1252 1440 1294 sedit:
1460 1256 1661 1301 confilium
1674 1287 1689 1307 2

26 1267 143 1363 Quod
161 1308 283 1347 tutius
307 1304 476 1346 celeritas
499 1302 618 1350 fecit,
646 1314 815 1359 quatuor
836 1305 969 1345 iisdem
991 1306 1147 1346 ballistis
1167 1307 1387 1360 scorpiones
1407 1313 1581 1366 opponi:
1616 1317 1688 1367 qui

25 1365 125 1405 idum
145 1362 312 1403 transsati
329 1362 351 1400 ὲ
370 1361 526 1416 regione
547 1360 687 1406 caute,
715 1360 827 1414 quod
847 1362 938 1401 artis
958 1360 1012 1401 est
1027 1361 1266 1403 difficillimae
1278 1391 1292 1412 ‚
1321 1364 1585 1416 collocantur,
1616 1369 1688 1413 lux

24 1415 140 1471 fnobis
152 1420 307 1461 advenit
319 1416 547 1458 maestiffima
558 1445 570 1463 ,
600 1415 798 1457 Persarum
810 1418 1027 1473 manipulos
1038 1418 1267 1461 formidatos
1278 1420 1468 1464 ostentans
1479 1455 1497 1471 ,
1525 1425 1684 1480 adjeffis

24 1473 318 1531 ‘elephantorum
340 1473 557 1528 agminibus
581 1500 595 1519 ,
634 1486 804 1526 quorum
826 1473 986 1515 stridore
1006 1475 1326 1530 immanitateque
1347 1492 1569 1533 corporum*
1588 1483 1687 1525 nihi}

25 1533 200 1575 humanae
220 1542 369 1572 mentes
388 1529 590 1569 terribilius
611 1539 780 1568 cernunt.
814 1529 999 1584 Cumque
1015 1532 1123 1570 omni
1135 1531 1309 1572 exlatere
1319 1540 1569 1577 armorum&
1583 1552 1681 1592 ope-

21 1587 108 1630 1rum
118 1588 407 1640 belluarumque
428 1585 595 1625 molibus
615 1597 861 1640 urgeremur,
888 1601 957 1641 per
974 1585 1225 1642 scorpionum
1246 1587 1385 1629 ferreas
1397 1589 1538 1632 fundas
1551 1594 1572 1632 e
1582 1608 1677 1649 pro.

19 1644 250 1700 pugnaculis
268 1643 427 1684 subinde
439 1641 597 1683 rotundi
616 1641 764 1695 Iapides
784 1642 879 1687 asti,
910 1643 1102 1685 diffolutis
1122 1645 1287 1687 turri-um
1308 1650 1544 1703 coagmentis
1557 1679 1566 1695 ‚
1600 1652 1680 1692 bal-

18 1700 121 1745 OEistas
139 1702 344 1755 earumque
361 1709 527 1740 tortores
542 1700 596 1738 ita
607 1697 741 1739 fudere
761 1700 980 1754 praecipites
992 1728 1006 1748 ‚
1036 1712 1080 1741 ut
1092 1702 1262 1756 quidam·
1275 1704 1370 1744 citra
1379 1706 1581 1745 vulnerum
1604 1722 1676 1747 no-

18 1771 89 1800 xas
102 1785 114 1803 ‚
142 1757 205 1796 alii
217 1757 350 1796 obtriti
370 1755 635 1810 magnitudine
654 1755 871 1809 ponderum
893 1757 1108 1798 interirent:
1139 1758 1350 1812 elephantis
1370 1762 1409 1801 vi
1433 1776 1571 1816 magna
1584 1778 1675 1817 pro-

17 1813 158 1870 pulsis,
186 1825 285 1868 quos
307 1813 470 1852 flammis
489 1812 669 1866 conjefitis
690 1811 864 1867 undique
883 1814 1174 1862 circumnexos,
1196 1816 1277 1869 jam
1290 1818 1518 1871 corporibus
1541 1821 1672 1867 ratris,

14 1869 314 1926 gradientesque
333 1868 512 1909 retrorsus
526 1896 536 1912 ‚
567 1867 778 1909 Jkretinere
799 1869 970 1924 magistri
993 1884 1071 1910 non
1092 1875 1272 1925 poterant
1294 1887 1302 1911 ε
1334 1873 1503 1928 postque
1525 1876 1671 1916 exustis

19 1926 200 1981 operibus
212 1956 229 1973 ,
259 1924 363 1965 nulla
383 1926 490 1979 quies
501 1925 769 1965 certaminibus
781 1925 882 1966 data.
913 1927 1008 1968 Rexitv
1019 1929 1121 1968 enim
1134 1927 1214 1982 ipse
1224 1928 1419 1970 Persarum
1431 1958 1444 1977 ‚
1476 1932 1672 1986 quinum-

19 1996 136 2039 quam
147 1981 270 2022 adesse
281 1981 549 2022 certaminibus
570 1982 724 2035 cogitur
734 2008 747 2028 ,
774 1981 832 2022 his
844 1982 1042 2023 turbinum
1052 1983 1272 2024 infortuniis
1285 1987 1453 2037 percitus
1467 2014 1489 2033 2.
1509 2002 1614 2028 novo
1625 1993 1668 2029 Sc

17 2052 229 2095 numquam
251 2038 344 2079 ante·
359 2039 525 2093 cognito
540 2051 671 2085 more,
698 2038 934 2092 proeliatoris
953 2040 1084 2081 militis
1107 2042 1182 2081 ritu
1203 2040 1379 2095 prosiluit
1396 2044 1434 2083 in
1447 2043 1664 2085 confertos:

16 2155 19 2157 ·
39 2156 42 2159 ⁴
55 2151 70 2176 7
90 2141 137 2178 Mfi
143 2151 239 2171 fecere.
843 2139 984 2181 'scriptum
1000 2145 1051 2172 effe
1060 2143 1173 2171 testatur
1183 2144 1416 2181 Lindenbrogins:
1437 2145 1508 2173 unde
1517 2148 1577 2182 quis
1587 2146 1669 2183 suspi-

854 2185 906 2209 cari
915 2182 995 2217 possit
1005 2181 1145 2217 legendum
1156 2181 1206 2207 effe
1214 2190 1295 2217 regere
1303 2201 1310 2212 ,
1324 2183 1399 2218 quod
1408 2185 1484 2210 etiam
1491 2184 1520 2210 ad
1531 2193 1606 2210 oram
1614 2186 1635 2210 R
1642 2194 1669 2210 e-

17 2211 58 2240 b'b.
70 2224 79 2241 1
89 2224 108 2241 r.
126 2215 237 2251 Epist.7.
256 2215 391 2243 Lindenbr.
852 2221 887 2254 gii
896 2218 1052 2253 exemplaris
1069 2218 1407 2253 adscriptummvenimus:
1431 2220 1446 2236 θ’*
1458 2222 1528 2248 &ita
1535 2221 1611 2248 habet
1620 2230 1667 2248 co-

5 2266 9 2271 ·
46 2251 72 2279 ·k
90 2254 205 2281 Retinere
219 2254 332 2291 magistri
345 2256 541 2293 nonpoterant.]
564 2253 597 2282 In
607 2254 827 2286 Msflomecere
850 2256 901 2285 dex
911 2254 1082 2285 Tokosanas:
1104 2254 1121 2269 '³‘
1133 2254 1179 2289 [at
1189 2256 1367 2286 colbertinus
1376 2275 1384 2288 ‚
1403 2263 1479 2286 retere
1488 2267 1554 2295 mag.
1570 2265 1675 2297 πονηροὶ-ν

1021 2291 1151 2349 Ggs
