2007 2658
292 120 311 150 1
325 101 385 166 98
579 96 698 146 Lm.
714 92 871 146 xvii.
899 94 1044 145 cap,
1060 92 1188 143 xm.
1442 91 1907 157 czttaffc'sffissflfffflffi‘

288 179 379 218 ciim
398 175 448 216 ad
469 174 558 216 loca
577 173 735 217 venisset
746 173 884 215 avidus
895 173 1084 214 barbarici
1104 171 1294 228 sanguinis
1316 170 1423 213 miles
1436 199 1449 220 ,
1478 171 1646 226 disjeffis
1669 162 1973 219 culmislevibnn*
1999 204 2002 213 ,

286 232 543 276 obtruncabat
560 247 568 272 ε
601 245 672 274 nec
684 243 925 287 quemquam
938 229 1047 271 ncasa
1058 230 1120 270 vel
1142 229 1313 270 trabibus
1323 228 1529 284 compasta
1551 227 1774 270 firmissimis
1791 230 1972 282 periculo
1997 254 2000 266 .

287 291 424 333 mortis
445 290 627 331 extraxit.
659 289 843 343 Denique
867 288 957 328 cum
984 287 1314 328 inflammarentur
1333 287 1466 326 omnia
1487 313 1500 333 ,
1530 284 1733 340 nulli'isque
1752 285 1870 327 latere
1891 287 1899 296 “

287 347 415 404 posset
428 374 441 395 ,
469 347 618 388 cuneus
633 347 724 387 vitae
745 344 930 399 praesidiis
951 342 1186 384 circumcisis
1203 371 1217 391 ‚
1245 353 1312 383 aut
1337 342 1528 383 obstinate
1549 343 1632 398 igni
1651 341 1802 397 peribat
1818 342 1866 384 ab
1882 356 1970 387 unia·
1996 376 1999 381 .

287 416 380 461 ptus
393 431 406 452 ,
434 414 501 445 aut
512 403 734 444 incendium
748 403 873 443 vitans
890 407 901 430 ⁵
913 399 1154 456 egressusque
1165 428 1177 447 ,
1207 414 1286 439 uno
1298 398 1492 456 supplicio
1506 399 1704 440 declinato
1717 427 1730 447 ,
1758 398 1862 450 ferro
1873 399 1966 444 stete

288 462 454 503 nebatur
474 459 619 501 hostili.
649 460 861 514 Fugientes
881 468 1010 498 tamen
1030 457 1152 512 aliqui
1171 455 1248 496 tela
1260 456 1608 511 incendiorumque
1628 456 1971 511 magnitudinem&⁷

288 519 413 559 amnis
432 517 551 558 vicini
570 516 608 557 se
631 514 855 557 commisere
874 514 1092 569 gurgitibus
1105 541 1116 560 ,
1142 513 1279 567 peritia
1299 512 1417 553 nandi
1438 514 1539 568 ripas
1552 513 1753 554 ulteriores
1774 512 1971 568 occupari)

288 575 398 631 posse
409 573 617 629 sperantes:
652 584 822 628 quorum
836 571 1014 624 plerique
1025 569 1203 610 submersi
1216 571 1340 610 necati
1354 568 1440 609 sunt
1450 597 1463 617 ,
1491 569 1555 610 alii
1558 570 1698 622 jaculis
1712 570 1857 626 periere
1869 570 1972 614 con-'1
1996 615 1997 622 ἵ

289 632 383 674 fixi:
413 632 513 672 adeo
534 641 579 671 ut
598 629 750 671 abunde
774 641 911 668 cruore
936 625 1081 668 diffuso
1103 637 1250 668 meatus
1271 625 1442 667 fluminis
1463 625 1660 680 spumaret
1676 622 1852 668 immensi
1873 641 1883 668 τ
1911 627 1974 671 ita*-
1996 626 1998 651 ἶ

290 703 362 745 per
371 688 602 729 elementum
617 698 830 739 utrumque
841 685 1032 725 Sarmatas
1046 684 1285 725 vincentium
1297 684 1352 725 ira
1361 681 1561 738 virtusque
1570 683 1727 725 delevit.
1761 683 1973 728 Placuerat
1995 668 2007 743 ’,τ

292 747 414 801 igitur
436 743 636 799 posthunc
656 755 781 784 rerum
792 742 969 792 ordinem
992 741 1141 782 cunffis
1152 739 1390 795 adimispem
1400 753 1558 781 omnem
1580 741 1753 796 vitaeque
1762 739 1973 783 solatium?
1996 746 1997 751 ’

288 806 329 844 &
343 801 431 856 post
443 802 537 842 lares
548 799 719 841 incensos
731 798 938 855 raptasque
948 797 1112 839 familias
1125 826 1138 845 ‚
1158 796 1416 854 navigiajuss‘a
1427 796 1514 837 sunt
1530 797 1688 853 colligi,
1719 797 1770 838 ad
1781 797 1978 854 indagati-⁸

290 860 365 900 dos
378 872 479 914 quos
492 859 513 898 ἐι
525 857 743 899 nostrorum
764 856 844 897 acie
855 856 1015 896 ulterior
1033 854 1265 896 discreverat
1281 855 1377 909 ripa.
1409 853 1632 908 Statimque
1654 868 1702 894 ne
1713 853 1888 894 alacritas
1910 855 1978 897 iifl»g

291 916 502 971 tepesceret
528 910 816 969 pugnatorum,
845 912 1019 968 impositi
1040 911 1217 953 lintribus
1237 925 1307 967 per
1326 910 1460 951 abdita
1481 910 1590 951 ducti
1611 910 1746 952 velites
1769 911 1977 966 expediti,'

290 982 536 1026 occuparunt
546 971 707 1012 latibula
717 970 977 1012 Sarmatarum
993 984 1000 1008 :
1031 982 1132 1024 quos
1149 969 1369 1022 repentinus
1383 965 1524 1008 fefellit
1537 966 1743 1022 adspectus
1761 995 1774 1014 ,
1807 967 1975 1023 gentiles

289 1029 440 1069 lembos
462 1032 500 1069 &
519 1039 614 1069 nota
633 1028 793 1083 remigia
803 1025 1082 1082 conspicantes.
1114 1025 1199 1065 Ubi
1209 1024 1303 1066 vero
1315 1024 1454 1078 procul
1465 1024 1696 1064 micantibus
1714 1024 1824 1070 telis,
1855 1020 1975 1079 quo&

290 1084 543 1132 verebantur,
569 1086 835 1139 propinquare
858 1082 1073 1130 senserunt,
1103 1081 1205 1122 ⁶0ad
1219 1080 1386 1137 suffugia
1395 1080 1574 1121 locorum
1586 1078 1812 1135 palustrium
1827 1079 1865 1121 se
1876 1083 1988 1127 corifi„-

290 1141 482 1182 tulerunt:
513 1140 659 1197 eosque
681 1141 832 1181 secutus
851 1138 1024 1180 infestius
1039 1138 1146 1180 miles
1163 1166 1175 1186 ‚
1203 1137 1306 1179 caeiis
1325 1137 1500 1191 plurimis
1511 1136 1565 1177 ibi
1578 1136 1781 1177 vietor-iam
1801 1135 1965 1193 reperit*
1978 1135 1993 1184 ..’

291 1198 361 1239 ubi
371 1211 442 1239 nec
451 1197 567 1238 caute
586 1196 694 1251 posse
705 1196 905 1237 consistere
917 1223 930 1244 ,
955 1209 1026 1236 nec
1045 1195 1185 1236 audere
1196 1194 1347 1249 aliquid
1357 1193 1595 1234 credebatur.
1627 1191 1721 1233 Post
1741 1192 1923 1249 absumpt
1968 1205 1999 1249 ’ῃ

290 1268 405 1310 paene
424 1252 668 1308 diffusosque
691 1253 911 1295 Amicenses
924 1280 936 1301 ‚
965 1253 1081 1307 petiti
1097 1251 1183 1292 sunt
1197 1250 1273 1292 fine
1285 1263 1395 1291 mora
1417 1258 1433 1286 P
1446 1248 1621 1291 Picenses
1634 1277 1646 1295 ‚
1675 1249 1728 1290 ita
1743 1263 1792 1291 ex
1804 1249 1987 1306 regioni>-

292 1312 366 1352 bus
378 1310 566 1365 appellati
577 1311 847 1350 conterminis:
881 1322 982 1364 quos
995 1309 1158 1349 tutiores
1175 1306 1300 1348 fecere
1317 1305 1512 1347 sociorum
1532 1319 1714 1346 aerumnae
1725 1333 1738 1353 ,
1767 1314 1971 1350 rumorum

291 1367 525 1408 adsiduitate
536 1376 762 1421 compertae.
792 1365 859 1408 Ad
872 1379 972 1420 quos
988 1364 1269 1419 opprimendos
1323 1364 1515 1403 eratenim
1525 1362 1691 1403 arduum
1712 1360 1823 1417 sequi
1832 1357 1987 1419 ρει-ἀΰ..

295 1424 406 1466 versa
417 1422 641 1478 conspersos
653 1451 666 1471 ,
694 1422 958 1478 imprudentia
975 1422 1124 1462 viarum
1139 1429 1291 1461 arcente
1348 1417 1597 1460 Taifalorum
1609 1417 1797 1460 auxilium
1810 1447 1823 1466 ‚
1852 1423 1891 1462 &
1904 1419 1970 1463 Lis

294 1480 477 1522 berorum
487 1479 654 1535 adaeque
664 1480 923 1520 Sarmatarum
936 1478 1187 1533 adsumptum
1196 1476 1262 1517 est.
1296 1476 1484 1531 Ci'imque
1495 1475 1729 1517 auxiliorum
1750 1477 1904 1532 agmina
1914 1476 1970 1518 10³

297 1550 438 1578 corum
453 1537 552 1577 ratio
565 1535 755 1590 separaret
767 1563 779 1583 ,
799 1535 944 1575 tractus
955 1535 1164 1588 contiguos
1177 1531 1330 1573 Moefiae
1342 1531 1411 1573 sibi
1422 1532 1530 1572 miles
1543 1531 1662 1587 elegit
1674 1554 1686 1580 ;
1717 1531 1868 1574 Taifali
1878 1546 1907 1589 p
1948 1540 1951 1546 ⁴

295 1594 404 1636 xima
418 1593 494 1634 suis
505 1591 657 1632 sedibus
669 1591 899 1632 obtinebant
911 1612 922 1638 ;
953 1589 1083 1630 Liberi
1099 1600 1215 1629 terras
1230 1598 1520 1643 occupaverant
1532 1587 1554 1626 ὲ
1563 1589 1719 1642 regione
1730 1586 1798 1628 fibi
1810 1587 1976 1645 oppost-

297 1658 370 1692 tas.
418 1655 432 1681 ⁷
447 1649 686 1705 Limigantes
707 1648 831 1688 territi
852 1646 1093 1687 ⁸recentibus
1114 1645 1359 1686 subaetorum
1381 1643 1571 1699 exemplis
1591 1643 1907 1700 ⁹&prostratoru
1948 1646 1950 1649 ’

295 1707 367 1749 diu
378 1705 601 1747 haesitabant
612 1704 802 1760 ambiguis
815 1703 1007 1745 mentibus
1020 1730 1033 1751 ‚
1057 1712 1186 1743 utrum
1199 1710 1433 1756 oppeterent
1443 1715 1490 1742 an
1502 1712 1681 1756 rogarent
1693 1729 1706 1749 ‚
1729 1701 1821 1741 ciim
1833 1703 1911 1745 utri
1938 1750 1947 1759 θ

296 1777 378 1819 que
390 1763 442 1803 rei
452 1762 699 1818 suppeterent
711 1762 947 1802 documenta
960 1774 1037 1800 non
1052 1759 1161 1801 levia.
1193 1759 1306 1801 Vicit
1316 1769 1445 1799 tamen
1459 1758 1509 1799 ad
1521 1758 1701 1799 ultimum
1713 1767 1824 1799 coetu
1834 1760 1923 1801 Sen'
1951 1756 1954 1757 ⁷

298 1833 386 1862 rum
399 1830 584 1876 urgente,
614 1818 785 1859 dedendi
801 1817 836 1858 se
846 1816 1070 1858 confilium:
1101 1816 1297 1870 variaeque
1312 1815 1450 1870 palmae
1473 1814 1720 1856 vifikmiarum
1733 1815 1888 1857 acceffit
1970 1816 1971 1820 ’

299 1890 386 1918 rum
407 1890 570 1934 quoque
590 1874 849 1931 supplicatio,
881 1874 953 1929 qui
971 1874 1084 1915 armis
1103 1873 1317 1914 libertatem
1339 1871 1571 1914 invaserant:
1603 1875 1643 1914 &
1664 1872 1806 1928 reliqui
1829 1887 1878 1915 eo

340 1979 353 2003 ς
381 1969 464 2006 steph.
480 1967 658 2005 egressusque.
699 1970 715 1994 6
742 1968 786 1995 AI.
805 1965 934 2002 suffragia.
973 1975 986 1998 7
1008 1964 1056 2002 Ms
1074 1967 1119 1993 Li·
1148 1967 1221 1994 αὐτοῖς
1235 1968 1246 1993 ἦ
1261 1969 1361 1994 πλίνθων
1383 1967 1450 1994 eorm»
1465 1967 1543 1995 anuline
1557 1987 1564 1998 ,
1593 1968 1642 2001 Suq
1665 1969 1688 1993 θ’
1701 1966 1822 2000 finden·
1840 1969 1884 1995 ὅθεν

301 2009 437 2036 mirantes.
473 2008 486 2033 8
500 2009 528 2034 ar«)
537 2006 687 2034 recentibus
695 2005 740 2042 ms.
747 2005 817 2042 deest.
851 2015 868 2040 9
884 2003 932 2041 Ms
941 2006 969 2034 &
979 2003 1118 2032 subactum
1148 2006 1198 2032 im
1213 2007 1334 2035 ἐιιτιγιὶας,
1352 2005 1600 2040 ουμπηνωίπςιὺτά
1613 2006 1633 2040 ¹9
1647 2006 1791 2039 ἁρμόζοντες,
1811 2016 1840 2031 ex

302 2044 513 2081 prostratorum.
1152 2042 1182 2068 In
1199 2042 1401 2070 Germanorum
1419 2050 1504 2069 tamen
1527 2041 1586 2069 solo
1600 2041 1731 2069 domicilia
1746 2050 1804 2068 non
1819 2049 1898 2077 pauca

307 2087 1023 2098 ‘m-

1026 2093 1042 2095 ->
1055 2092 1100 2095 --—
1151 2080 1277 2106 Romano
1293 2078 1441 2114 elegantius
1457 2079 1534 2107 fiiiss'e
1549 2078 1714 2110 construffl,
1737 2087 1769 2106 ex
1780 2080 1912 2108 Aminiam.
1961 2079 1964 2082 ’

343 2125 359 2143 n
387 2117 453 2150 Casa
476 2118 523 2145 vel
536 2116 650 2144 trabibus
669 2118 796 2151 campab't'a
805 2115 981 2153 firmiffimu]
1012 2116 1119 2141 Morem
1151 2125 1226 2143 xvii.
1245 2115 1336 2144 videre
1344 2117 1412 2145 licet.
1432 2115 1566 2144 Lindenbr.

303 2153 375 2180 hunc
390 2157 541 2182 etiamnunc
555 2156 677 2182 Sarmatae
693 2155 790 2190 aliique
800 2154 978 2190 Aquilonares
989 2153 1015 2180 &
1028 2152 1118 2187 Alpini
1187 2162 1204 2180 o
1227 2152 1389 2192 Advfiqfflgia
1405 2154 1541 2192 locorum]
1571 2153 1650 2190 Vulg,
1671 2151 1793 2191 Sufragia
1807 2153 1876 2182 locor.

305 2190 517 2226 populifer-vam.
538 2192 808 2220 Trabi'busenimalii's
817 2189 1115 2228 superaliaslomrisdo-
1149 2190 1327 2226 Paullopbst:
1349 2189 1860 2228 Adegitstqffltgiapererelatebrmmpae!
1899 2194 1902 2196 '

305 2236 366 2254 mus
385 2228 486 2254 &casas
499 2228 681 2257 construunt:
702 2231 741 2257 uti
757 2239 812 2257 non
830 2236 925 2256 omnes
941 2226 1063 2263 quidem.
1083 2225 1116 2254 sic
1149 2228 1207 2256 Lib.
1219 2237 1280 2254 xxi.
1303 2230 1349 2255 Per
1357 2228 1477 2263 impedita
1479 2226 1591 2264 fiqfficgia
1600 2228 1723 2256 velocitas
1737 2234 1864 2256 exemerat
1927 2227 1935 2262 J
1958 2235 1962 2240 ·

307 2263 404 2303 inultas
423 2273 518 2291 tamen.
547 2267 643 2300 Neque
663 2267 738 2294 aliter
755 2267 858 2302 priscos
874 2266 934 2293 illos
950 2266 1116 2294 Germanos.
1151 2266 1189 2292 112
1204 2264 1303 2301 refhgia
1321 2286 1328 2297 ,
1348 2268 1478 2295 {maa-m.
1507 2265 1628 2293 Rufinus
1643 2266 1676 2293 de
1693 2265 1759 2293 Bell.
1775 2264 1840 2303 Jud.

306 2309 421 2331 mayores
438 2300 562 2329 nostros.
581 2302 704 2330 ffiffimssc
720 2304 871 2331 verosimile
879 2302 925 2331 cst.
947 2303 988 2330 De
997 2310 1117 2336 quorum
1148 2311 1201 2338 cap⁴
1214 2311 1235 2336 9.
1258 2301 1541 2338 Machinu&refiaegia
1549 2302 1689 2331 intendunt.
1709 2303 1791 2330 Idem.

305 2335 421 2365 adificiis
438 2337 472 2366 sie
488 2336 574 2365 scribit
585 2340 754 2369 Herodianus
767 2341 878 2370 lib.vii.
898 2343 967 2369 Λίθων
982 2340 1020 2375 μὴ)
1033 2339 1119 2376 fimf
1185 2347 1201 2375 p
1222 2339 1359 2378 Piceufis]
1383 2341 1463 2378 Apud
1472 2341 1648 2370 Ptolemaeum
1657 2343 1768 2370 mamma
1783 2341 1810 2369 in
1818 2334 1958 2369 Moefiasn·
1997 2335 2007 2343 ⁸
