2007 2658
21 61 24 74 =
58 64 333 132 ,aggregemus
343 58 735 129 {tegensssffizistsge
870 60 987 109 ΜΒ.
1001 65 1107 113 xx.
1123 68 1267 114 CAP.
1282 66 1413 117 V111.
1545 85 1641 125 271

24 137 122 188 entes
132 139 266 183 obsessi
278 168 290 188 ,
311 137 503 194 postremo
519 135 637 190 plebis
649 133 838 174 immensae
849 136 1086 189 ponderibus
1097 140 1215 180 effuse
1224 143 1371 195 disjeffi
1383 144 1478 186 sunt.
1495 146 1547 186 Et
1558 131 1645 200 post

24 205 84 241 laec
96 200 280 239 iratorum
292 195 455 236 hostium
469 192 586 247 gladii
599 190 798 245 quidquid
819 192 979 232 inveniri
992 205 1143 245 poterat
1170 199 1424 240 concidebant
1446 217 1454 241 :
1478 195 1645 256 abrepti·

25 270 82 310 [ue
94 255 230 296 finibus
242 263 404 293 matrum
418 248 590 304 parvuli,
614 246 702 301 ipsae
719 262 880 302 quoque
893 258 1029 288 matres
1041 251 1348 301 trucidabantur,
1374 256 1479 296 nullo
1494 259 1590 311 quid
1603 272 1644 298 a-

14 322 110 366 sberet
123 310 363 366 respefitante.
395 307 500 346 Inter
511 318 554 344 ea
567 316 644 343 tam
657 302 803 344 funesta
814 333 825 351 ,
837 318 928 359 gens
940 305 1115 359 rapiendi
1126 308 1308 360 cupidior
1324 338 1336 356 ‚
1355 311 1489 352 onusta
1499 314 1644 366 spolio-

9 362 87 412 ,iim
101 379 235 423 genere
251 363 380 409 omni,
401 362 726 415 captivorumque
738 374 898 401 examen
910 361 1123 402 maximum
1135 363 1281 402 ducens
1294 392 1307 409 ,
1328 370 1492 408 tentoria
1504 371 1645 423 repeti-

24 405 267 502 [itexsultans.
303 419 389 458 Rex
401 430 527 458 tamen
542 417 689 471 gaudio
710 416 886 457 insolenti
906 418 1047 465 elatus,
1068 419 1214 473 diuque
1233 419 1422 460 desiderio
1445 426 1643 478 capiendae

14 466 18 523 ἶ
38 480 196 527 hoenicae
211 476 372 531 flagrans
385 502 397 522 ,
416 474 644 514 munimenti
655 474 843 528 perquam
867 475 1109 528 tempestivi,
1135 491 1212 516 non
1233 476 1321 515 ante
1338 476 1501 518 discess'it
1524 482 1643 534 quam

10 513 223 576 ''befaEtata
235 545 431 572 murorum
446 541 554 585 parte
568 541 740 584 reparata
750 529 961 570 firmissime
972 557 983 577 ‚
1009 532 1272 586 alimentisque
1284 531 1433 572 affatim
1451 538 1617 577 conditis
1630 566 1642 582 2

10 544 166 642 imatos
182 589 234 630 ibi
244 589 387 629 locaret
402 587 561 641 insignes
571 588 743 642 origine,
764 587 933 641 bellique
944 589 1087 628 artibus
1099 588 1234 628 claros.
1265 588 1482 630 Verebatur
1504 593 1605 631 enim
1632 622 1644 638 >

33 646 269 693 uodacci'dit
282 673 293 693 ,
313 659 359 685 ne
373 643 609 684 amissionem
623 643 831 683 castrorum
845 644 1060 698 ingentium
1082 644 1244 685 ferentes
1255 647 1357 699 :egre
1380 646 1549 687 Romani
1562 675 1574 695 ,
1593 649 1643 687 ad,

7 740 17 746 ,
45 694 135 752 dem
147 702 357 749 obsidenda
369 701 514 741 viribus
527 701 671 754 magnis
684 700 987 753 accingerent-ur.
1014 701 1145 740 Latius
1157 700 1192 741 se
1206 702 1369 755 proinde
1374 703 1521 756 ja&ans
1541 731 1551 751 ‚
1574 704 1644 744 ad-

8 798 15 802 ,
29 762 162 814 itaque
170 758 237 814 spe
250 758 445 813 quidquid
457 757 617 811 aggredi
629 756 752 810 poss'et
762 755 998 810 adipiscendi
1010 785 1022 804 ,
1033 758 1255 813 interceptis
1268 758 1426 800 castellis
1436 760 1517 800 aliis
1529 760 1644 801 vilio·-

7 854 15 861 ,
30 816 101 857 bus
127 825 141 842 ³
179 816 332 858 Virtam
343 811 704 867 adoriridisposuit,
724 814 1003 852 munimentum
1033 815 1146 854 valde
1167 814 1358 855 vetustum
1372 844 1384 863 ,
1410 827 1455 856 ut
1473 816 1645 857 :edifica-

9 910 11 913 .
29 886 80 911 im
94 871 348 912 &Macedone
369 870 547 909 credatur
567 868 790 908 Alexandro
803 897 814 916 ,
832 869 869 908 in
889 879 1065 910 extremo
1084 871 1245 924 quidem
1272 871 1566 926 Mesopotamiae
1591 873 1642 914 fi„

0 939 15 977 ’ς
42 939 102 974 m,
124 926 187 973 sed
200 927 317 966 muris
328 926 432 967 v'elut
445 925 598 965 sinuosis
612 925 898 965 circumdatum
911 930 950 966 &
963 929 1134 967 cornutis
1148 954 1157 973 ‚
1189 927 1516 984 instruffioneque
1536 931 1641 971 varia

0 1021 14 1030 ,
35 981 363 1034 acceffquiod
374 982 465 1029 cum
475 983 583 1021 omni
594 992 759 1023 tentaret
769 992 863 1028 arte,
875 996 977 1022 nunc
998 992 1012 1008 2
1027 983 1218 1037 promissis
1230 984 1445 1025 defensores
1459 986 1642 1034 alliciens,

49 1053 96 1079 nc
109 1053 243 1092 poenas
253 1039 474 1079 cruciabiles
488 1039 664 1078 minitans
677 1070 693 1086 ,
711 1039 918 1092 aliquoties
931 1038 1069 1079 struere
1077 1054 1233 1094 aggeres
1246 1055 1379 1095 parans
1391 1070 1404 1088 ‚
1416 1041 1646 1082 obsidiona*

4 1133 13 1138 .
35 1095 126 1150 sque
157 1104 167 1128 ³
199 1093 409 1136 admovens
436 1095 627 1134 machinas
646 1122 659 1142 ,
679 1095 809 1135 multis
829 1096 1003 1149 acceptis
1025 1097 1247 1138 vulneribus
1261 1126 1274 1145 ‚
1295 1099 1416 1151 quam
1440 1099 1553 1140 illatis
1566 1126 1578 1146 ,
1593 1113 1636 1138 ο-

0 1187 13 1194 -
37 1151 105 1192 iffo
116 1165 217 1192 vano
228 1153 384 1205 incepto
397 1152 553 1190 tandem
566 1150 749 1191 abscessit.

1 1239 9 1247 .
52 1208 92 1247 C
104 1221 131 1247 A
146 1222 181 1247 Ρ.
216 1207 256 1248 V
268 1207 359 1247 111.
391 1207 492 1247 Haec
504 1221 551 1246 eo
567 1221 667 1247 anno
687 1208 785 1247 inter
803 1208 960 1262 Tigrim
993 1207 1096 1263 gesta
1107 1209 1191 1249 sunt
1204 1213 1243 1250 &
1266 1208 1503 1263 Euphraten.
1537 1210 1644 1263 Qiae'

0 1273 13 1313 ᾗ
30 1277 83 1303 im
93 1261 360 1316 frequentibus
372 1264 514 1317 nuntiis
528 1262 719 1308 didicisset
733 1263 983 1305 Constantius
996 1293 1008 1312 ,
1020 1277 1191 1305 metuens
1206 1266 1474 1318 expeditiones
1488 1265 1643 1306 Parthi·

67 1346 80 1366 ,
92 1318 255 1365 hiemem
276 1319 382 1372 apud
394 1318 778 1372 Constantinopolim
792 1333 905 1374 agens
917 1348 929 1367 ‚
949 1320 1178 1374 impensiore
1190 1333 1281 1360 cura
1290 1321 1452 1360 limitem
1479 1320 1645 1361 instrue-⁷

42 1385 58 1415 t
68 1388 158 1415 cum
171 1375 278 1414 omni
289 1372 477 1428 apparatu
489 1374 691 1414 bellorum.
726 1376 845 1415 Arma
858 1389 1019 1430 quoque
1029 1380 1068 1416 &
1080 1377 1255 1416 tirocinia
1266 1389 1408 1430 cogens
1424 1405 1437 1424 ,
1449 1377 1640 1431 legiones-

47 1445 69 1471 e
79 1431 442 1485 augensjuventutis
454 1430 590 1470 validae
603 1430 879 1485 supplementis
890 1462 901 1480 ,
914 1445 1079 1486 quarum
1091 1431 1249 1472 statariae
1262 1446 1403 1487 pugnae
1415 1447 1483 1486 per
1496 1433 1640 1475 Orien-

44 1500 84 1527 es
94 1485 230 1540 saepius
241 1487 429 1526 emicuere
443 1487 663 1540 procinCtus
677 1502 685 1526 :
708 1487 724 1513 ¹³
752 1487 895 1526 auxilia
906 1488 1016 1540 super
1026 1487 1084 1527 his
1099 1488 1333 1543 Scytharum
1345 1489 1528 1542 poscebat
1539 1503 1637 1530 mer-

31 1542 85 1590 'de
95 1543 156 1584 vel
168 1543 292 1596 gratia
302 1570 314 1589 ,
335 1552 378 1582 ut
391 1542 526 1581 adulto
534 1555 622 1581 vere
634 1541 832 1595 professus
862 1551 880 1574 4
908 1544 930 1582 ὲ
943 1543 1122 1583 Thraciis
1134 1571 1146 1590 ‚
1166 1543 1253 1583 loca
1264 1543 1436 1597 suspesta
1457 1546 1635 1598 protinus

38 1609 206 1654 cuparet.
240 1597 344 1638 Inter
355 1597 624 1652 quaeJulianus
635 1598 742 1651 apud
755 1596 915 1639 Parisios
936 1598 1101 1639 hibernis
1122 1598 1258 1639 locatis
1274 1627 1287 1647 ‚
1307 1601 1454 1640 summa
1479 1613 1637 1654 coepto-

0 1678 5 1689 «
29 1653 265 1708 'mquorsum
285 1654 463 1695 evaderet
473 1653 763 1708 pertimescens,
784 1665 863 1694 erat
881 1655 1038 1703 anxius,
1058 1655 1247 1710 nusquam
1269 1655 1500 1696 assensurum
1524 1658 1634 1698 Con-

45 1711 168 1750 ntium
179 1709 288 1751 fastis
299 1710 420 1751 multa
429 1709 625 1751 volvendo
638 1709 876 1752 considerans
890 1739 901 1759 ,
924 1712 1030 1767 apud
1041 1725 1159 1767 quem
1176 1712 1355 1753 sordebat
1367 1724 1410 1753 ut
1424 1713 1581 1754 infimus
1593 1719 1634 1756 &-

17 1055 22 1080 1

64 1799 112 1835 Ms
120 1800 260 1836 promissis.
300 1810 311 1833 3
335 1801 508 1829 Al.moveris.
548 1811 565 1835 4
584 1802 803 1838 MJ.&braratus.
827 1803 842 1838 [
860 1805 966 1832 Primus
974 1811 1064 1831 autem
1075 1804 1235 1832 Gothorum
1249 1805 1349 1833 auxiliis
1359 1813 1454 1833 contra
1471 1806 1559 1832 Persas
1568 1806 1634 1834 usus

776 1847 806 1852 ““
830 1841 867 1868 est
877 1842 999 1868 Galerius
1011 1843 1187 1869 Maximianus
1196 1842 1302 1875 Caesam
1325 1845 1351 1870 &
1362 1843 1451 1878 postea
1467 1844 1493 1869 in
1501 1843 1569 1870 bello
1588 1846 1633 1871 Li«

57 1875 156 1899 Virtam
171 1872 265 1900 adoriri
277 1873 415 1936 effoſsam]
436 1879 507 1911 Βίρὲοι
525 1875 575 1903 dici
595 1874 803 1904 videturaPto-
829 1879 930 1906 ciniano
948 1878 1148 1906 Constantinus
1166 1881 1298 1907 Maximus
1317 1881 1385 1915 Aug.
1395 1881 1472 1906 cui&
1490 1881 1632 1908 GothixL.

43 1919 83 1936 κο
91 1910 233 1946 opidumin
243 1911 285 1936 Me
299 1913 511 1946 oporamiajuxta
520 1913 632 1948 Tigrim.
651 1913 733 1949 Valesl
831 1916 944 1943 suorum
959 1916 1036 1942 millia
1052 1915 1177 1943 adversus
1194 1918 1276 1943 varias
1292 1925 1386 1951 gentes
1400 1916 1575 1944 obtulerunt:
1592 1921 1633 1945 uti

4 1951 20 1969 vu
61 1946 172 1973 Auxilia
179 1947 254 1982 fhper
268 1947 310 1974 lais
325 1948 500 1986 Scytharum]
523 1950 553 1976 ld
568 1952 639 1977 inter
654 1953 800 1986 praecipuas
828 1952 1091 1989 scribitjordanesin
1100 1955 1207 1980 Geticis.
1226 1948 1335 1980 Co'fltra
1352 1954 1472 1981 tamenin
1491 1955 1634 1990 Excerpris

37 1982 142 2010 nstantii
154 1983 243 2010 laudes
257 1992 380 2011 numerat
394 1984 517 2014 Libanins
532 1989 558 2013 in
567 1988 643 2014 Orat.
662 1995 721 2022 quae
730 1991 801 2022 βειζι-
829 1998 887 2025 quae
905 1990 987 2017 frater
1012 1998 1088 2016 meus
1105 1990 1185 2016 edidit
1198 2009 1205 2020 ,
1228 1989 1324 2017 dicitur
1340 1992 1456 2018 Licinius
1473 1992 1543 2026 Aug.
1562 1992 1633 2027 apud

1 2027 26 2047 «n
37 2019 174 2056 einscripta
182 2020 235 2049 est,
257 2020 333 2057 quod
343 2023 452 2058 Scythas
462 2022 648 2050 infensissimos
657 2032 731 2051 antea
739 2034 801 2062 pop.
827 2026 1021 2063 Chrysopolim
1030 2036 1090 2053 cum
1098 2025 1279 2053 Constantino
1287 2036 1421 2063 pugnans,
1440 2028 1577 2055 auxiliares
1593 2029 1632 2057 se-

1 2066 13 2081 v·
37 2065 70 2084 m.
81 2066 137 2085 non
146 2057 234 2085 solum
243 2061 373 2092 pacaverit
381 2075 388 2087 ‚
406 2060 448 2086 sed
457 2062 533 2087 etiam
543 2077 550 2088 2
568 2060 642 2095 quod
651 2070 797 2098 numquam
827 2073 889 2091 cum
898 2064 1008 2091 G0thos
1022 2063 1148 2091 habuiffe:
1159 2063 1252 2091 Deinde
1259 2064 1326 2099 apud
1338 2063 1501 2100 Chryffopolim
1520 2067 1631 2092 Licinius

1 2098 25 2126 Q
35 2102 62 2120 m
73 2096 219 2129 contigerat
235 2111 242 2122 ‚
262 2095 387 2122 adversus
404 2097 494 2124 Persas
508 2098 646 2125 auxiliares
662 2098 797 2130 habuerit,
827 2101 937 2127 maxims
946 2099 1132 2127 auxiliantibus
1142 2100 1228 2127 Gothis
1237 2118 1243 2128 ‚
1264 2110 1323 2137 quos
1339 2101 1469 2137 Aliquam
1479 2102 1581 2137 Regalis
1588 2102 1631 2129 de-

37 2142 58 2165 q
69 2132 139 2166 5520.
151 2135 285 2167 ςρατὸπιδσν
297 2135 402 2166 ζκυθικόυ
410 2153 416 2163 ‚
430 2136 459 2168 rm]
470 2136 509 2169 μςό
523 2137 620 2169 flauum
628 2136 690 2169 χεερὶ
703 2137 798 2169 ζυμζι-
826 2136 933 2165 duxerat
941 2146 1031 2174 :quum
1040 2137 1259 2173 Constantinipars
1265 2140 1369 2164 vincens
1378 2146 1440 2164 xxv.
1450 2138 1529 2164 millia
1543 2148 1631 2165 arma-

53 2179 73 2194 ον
87 2187 95 2199 ,
108 2172 137 2204 τῇ
150 2169 356 2205 ὃδιωαὲμνίπερσῶν
371 2172 548 2206 ἀντιταξόμῳεν,
567 2173 618 2199 &c.
639 2171 700 2198 Post
719 2174 796 2200 Con·
824 2180 904 2201 torum
913 2173 987 2210 flcdit
1004 2175 1086 2208 partis
1101 2172 1229 2209 adversae,
1249 2174 1334 2200 ceteris
1349 2173 1517 2210 fitgientibm.
1544 2176 1588 2203 Ob
1601 2176 1629 2204 id

44 2205 111 2232 rium
120 2207 201 2232 ceteri·
211 2207 292 2241 impp.
314 2206 473 2243 Scytharum
483 2207 585 2235 auxiliis
593 2208 720 2236 adversus
730 2211 793 2238 Per-
824 2211 1022 2238 Constantinus
1031 2211 1091 2244 post
1109 2211 1261 2246 oppressum
1270 2212 1402 2238 Licinium
1419 2212 1516 2238 Gothis
1531 2212 1631 2240 bellum

52 2240 154 2269 fisum:
165 2242 410 2279 utJulianus,teste
419 2245 606 2272 Marcellinoin
616 2245 656 2272 lzb.
666 2254 681 2271 2
691 2254 709 2278 3,
719 2250 793 2283 prin·
824 2248 931 2278 intulit,
949 2245 1083 2281 vifflsque
1092 2246 1339 2280 obsidesimperavit
1349 2265 1356 2277 ‚
1376 2257 1403 2276 ac
1411 2257 1472 2276 cum
1480 2251 1516 2277 eis
1529 2259 1630 2288 pacem,

25 2278 50 2322 ἰο
64 2285 72 2306 τ
90 2278 216 2316 &postea
233 2280 345 2312 Valens,
363 2287 396 2308 ut
405 2281 443 2309 est
458 2284 485 2310 in
502 2282 544 2310 lib.
557 2291 597 2316 30.
617 2284 694 2310 chr.
709 2284 792 2322 Valqfi
824 2283 1120 2322 mox&foedusiniit.]
1142 2282 1309 2321 Hadrstales

32 2334 33 2346 1
67 2336 71 2343 .
