2007 2658
95 71 550 108 eonsummsmatuseffio&
760 70 882 117 LIB.
898 71 1073 121 XVIII.
1100 74 1244 121 CAP.
1257 75 1387 125 VIII.
1587 88 1610 124 2
1624 91 1676 138 23

123 115 145 138 1⁴
178 112 226 136 atio
236 110 303 136 coff.
312 113 384 134 Anno
393 107 451 131 Chr.
462 113 519 136 ³5⁹·

24 167 82 197 me
91 120 246 199 Coiiies,
274 147 486 201 neceffitate
505 158 575 184 non
589 143 792 184 voluntate
813 143 868 184 ad
877 144 957 184 haec
966 160 1050 201 qztae
1070 149 1328 210 no‘oiscelgsta
1339 154 1519 206 Prolapffi
1532 169 1544 192 .·
1576 158 1685 210 egere

23 224 83 252 me
93 204 592 264 praecg'pitemflagitatores
603 224 615 248 ,
645 209 690 240 nt
700 200 793 254 nosti
806 217 818 240 :
849 215 1011 257 quorum
1020 205 1208 244 avarztiae
1225 219 1271 245 ne
1281 216 1350 246 tua
1361 209 1515 262 quidem
1533 212 1683 263 excelsa

25 266 263 319 illusor-tuna
273 295 290 310 ,
308 270 556 317 propugnans
566 257 735 309 miseriis
748 257 841 298 meis
855 290 872 305 ,
892 259 1029 312 potuit
1039 259 1251 315 refragari.
1295 264 1416 303 Simul
1430 265 1512 305 haec
1527 268 1657 308 dicens
1669 297 1682 317 ‚

22 324 47 364 ,ὲ
59 323 192 363 medio
207 318 409 375 prospefiffl
430 313 601 354 absceffit
613 341 624 361 ,
651 329 727 355 non
751 314 899 355 aversus
911 343 922 362 ,
952 314 1015 356 sed
1028 316 1124 356 dum
1136 315 1374 358 evanesceret
1393 324 1611 362 verecunde
1626 331 1682 364 re'-

43 378 260 434 rogradiens
274 403 283 419 ‚
313 378 352 414 &
373 371 507 426 ρεᾶιιε
527 369 730 411 ostentans.
770 373 871 425 Qiae
889 373 986 412 dum
1010 374 1048 413 in
1062 373 1254 413 curriculo
1275 372 1469 416 semihorae
1491 390 1680 428 aguntur,

57 425 254 487 ostfignani
275 428 415 476 nostri,
445 429 516 482 qui
527 427 705 468 tenebant
716 429 880 468 editiora
891 428 999 468 collis
1013 458 1021 473 ‚
1052 429 1270 469 exclamant
1281 430 1393 469 aliam
1413 421 1681 487 cataphracto-

44 501 111 530 um
121 486 408 538 multitudinem
422 485 601 539 equitum
614 485 718 538 pone
728 484 871 532 visam,
902 485 1093 525 celeritate
1103 488 1390 540 quammaxima
1402 492 1678 545 propinquare.

59 556 152 599 tque
162 554 205 584 ut
215 544 254 584 in
269 543 381 582 rebus
390 542 485 581 solet
496 539 648 581 afflietis
662 568 673 588 ‚
708 542 942 596 ambigentes
955 543 1106 582 cuinam
1119 544 1274 583 deberet
1287 554 1353 583 aut
1370 544 1493 598 posset
1504 551 1655 587 occurri
1668 577 1681 596 ‚

36 601 195 649 rudente
218 600 390 654 pondere
412 598 533 652 plebis
545 597 735 638 immensae
747 626 759 645 ,
789 598 922 653 passim
937 599 1015 653 qua
1029 600 1171 654 cuique
1192 601 1417 654 proximum
1440 601 1643 642 videbatur
1667 632 1680 651 ,

43 656 274 698 -iffundimur
291 655 465 696 universi.
496 656 682 708 Dumque
695 654 730 694 se
749 654 913 709 quisque
923 656 1106 710 expedire
1117 655 1332 696 discrimine
1342 671 1484 712 magno
1497 669 1679 703 conatur,

7 745 10 748 .
33 713 173 770 parlim
182 713 334 767 disjecti
356 720 372 746 y
385 711 485 752 hosti
497 710 756 751 concursatori
767 711 978 751 miscemur.
1010 712 1149 766 Itaque
1171 712 1294 767 spreta
1298 715 1378 768 jam
1392 715 1547 755 vivendi
1570 717 1681 769 cupi-

40 772 137 812 itate
152 768 304 810 fortiter
314 769 557 812 decernentes
573 795 586 814 ,
614 767 664 807 ad
678 768 778 821 ripas
791 769 970 822 pellimur
981 768 1159 822 Tigridis
1174 770 1249 809 alte
1266 770 1419 810 excisas.
1450 772 1572 811 Unde
1593 773 1681 827 qui-

45 841 108 867 am
126 827 344 881 praecipites
367 823 462 879 pulfi
476 852 488 871 ‚
517 823 804 878 implicantibus
825 825 938 864 armis
964 824 1150 865 haeserunt
1164 852 1174 871 ,
1205 827 1447 878 ubivadosus
1469 827 1523 868 est
1533 829 1674 868 amnis:

10 898 13 923 ;
37 884 78 924 lii
92 890 108 908 ²
119 883 338 923 lacunarum
349 880 472 921 hausti
483 881 670 935 vertigine
681 881 933 935 vorabantur:
965 882 1139 922 nonnulli
1153 895 1241 922 cum
1253 883 1360 924 hoste
1371 884 1561 939 congressi
1574 914 1584 929 ,
1612 899 1680 926 va-

0 960 1 965 *
33 940 74 981 io
93 949 232 980 eventu
252 938 467 978 certabant:
498 934 660 992 q'uidam
672 951 885 978 cuneorum
902 936 1088 978 densitate
1101 941 1315 994 perterriti,
1345 942 1529 996 petebant
1542 943 1677 996 proxi-

81 1010 99 1037 s
120 995 247 1037 Tauri
263 996 407 1035 montis
430 995 612 1035 exceffus.
653 995 758 1035 Inter
778 1008 876 1050 quos
899 996 994 1036 Dux
1015 994 1094 1049 ipse
1115 996 1268 1050 agnitus
1296 1025 1308 1045 ‚
1335 1000 1679 1052 pugnatorumque

2 1052 6 1055 ’
22 1058 23 1062 ’
55 1052 116 1094 ole
135 1052 419 1098 circumdatus,
448 1065 537 1091 cum
549 1052 756 1102 Aiadalthe
767 1052 949 1092 Tribuno
961 1079 972 1099 ,
1004 1052 1220 1106 caloneque
1231 1067 1310 1093 uno
1321 1081 1334 1100 ‚
1369 1055 1462 1108 equi
1482 1054 1678 1095 celeritate

21 1119 168 1165 ¹septus
188 1106 368 1149 abscesfit.
402 1108 507 1148 Mihi
518 1108 729 1149 dumavius
751 1109 943 1149 abitinere
963 1109 1154 1149 comitum
1167 1110 1265 1162 quid
1280 1123 1431 1164 agerem
1454 1110 1679 1164 circumspi-

30 1166 106 1213 -io,
141 1165 405 1207 Verennianus
425 1164 673 1205 Domesticus
696 1165 900 1206 Prote&or
918 1167 1088 1206 occurrit
1113 1192 1123 1212 ,
1164 1165 1290 1205 femur
1315 1165 1455 1221 sagitta
1475 1166 1676 1208 con-fixus:

47 1234 136 1261 uam
147 1221 241 1262 dum
258 1221 418 1262 avellere
428 1220 639 1261 obtestante
650 1221 798 1277 collega
810 1235 966 1262 conarer
977 1245 988 1270 3
1019 1222 1165 1263 cinctus
1177 1222 1351 1277 undique
1362 1223 1677 1264 antecedentibus

47 1276 131 1317 erfis
143 1305 156 1325 ‚
188 1277 385 1318 civitatem
411 1277 590 1331 petebam
611 1277 748 1318 anhelo
768 1278 879 1318 cursu
892 1279 1064 1333 rependo
1077 1306 1089 1325 ‚
1118 1292 1168 1320 ex
1186 1292 1234 1317 eo
1243 1278 1359 1318 latere
1371 1293 1453 1332 quo
1475 1279 1678 1319 inceffeba-

53 1342 98 1374 ult
114 1361 127 1381 ,
154 1335 193 1374 in
214 1333 336 1374 arduo
359 1333 466 1373 fitam
480 1360 493 1380 ,
521 1334 681 1387 unoque
700 1333 879 1374 adscensu
903 1334 1136 1389 perangusto
1156 1334 1379 1381 meabilem,
1409 1348 1526 1388 quem
1560 1334 1675 1376 scissis

33 1387 175 1430 'ollibus
195 1394 211 1412 z
224 1389 377 1429 molinae
400 1389 450 1428 ad
470 1388 581 1429 calles
607 1390 781 1429 artandas
802 1389 1003 1430 aedificatae
1016 1420 1029 1439 ,
1055 1388 1203 1429 densius
1222 1388 1544 1445 constringebant.
1589 1391 1675 1432 Hic

30 1444 115 1485 nist-i
126 1457 215 1486 cum
231 1444 350 1486 Perfis
363 1473 372 1489 ‚
403 1444 541 1485 eodem
553 1445 632 1486 ίὲὶιι
644 1446 958 1499 procurrentibus
978 1447 1027 1486 ad
1039 1446 1233 1499 superiora
1249 1446 1447 1486 nobiscum
1460 1475 1473 1494 ,
1499 1447 1674 1501 adusque

10 1528 11 1537 i
30 1508 144 1540 ›rt'um
167 1502 320 1541 alterius
342 1501 428 1540 solis
447 1501 665 1541 immobiles
687 1501 857 1541 stetimus
871 1530 881 1545 ,
912 1503 966 1540 ita
987 1501 1151 1540 conferti
1173 1528 1185 1546 ‚
1213 1511 1257 1540 ut
1276 1502 1461 1542 coesorum
1486 1504 1673 1544 cadavera

5 1591 7 1593 ,
54 1557 260 1597 ultitudine
277 1556 376 1596 fulta
396 1557 559 1609 reperire
583 1557 718 1596 ruendi
736 1557 903 1611 spatium
922 1556 1109 1611 nusquam
1123 1555 1292 1610 possent:
1323 1569 1447 1611 utque
1465 1559 1571 1599 miles
1584 1571 1673 1600 ante

50 1627 72 1653 e
83 1613 243 1667 quidam
263 1611 525 1653 discriminato
543 1613 671 1667 capite
681 1644 698 1659 ,
726 1613 839 1666 quod
850 1613 887 1652 in
898 1626 1028 1666 aequas
1040 1623 1165 1667 partes
1184 1612 1281 1652 istus
1292 1614 1412 1668 gladii
1427 1614 1565 1655 fiderat
1577 1617 1672 1656 vali-

38 1668 181 1709 issitnus
194 1697 207 1716 ,
239 1670 277 1709 in
299 1668 438 1724 stipitis
460 1669 624 1709 modum
645 1669 819 1723 undique
839 1679 1033 1709 coartatus
1053 1669 1221 1709 haereret.
1271 1670 1323 1709 Et
1334 1670 1426 1710 licet
1439 1672 1672 1726 multiplicia

7 1738 15 1776 ς
31 1725 88 1764 el‘a
99 1752 111 1772 ‚
138 1739 205 1780 per
215 1735 496 1766 tormentorum
506 1727 636 1766 omnia
648 1739 786 1780 genera
795 1726 970 1766 volarent
980 1727 1001 1766 ὲ
1013 1727 1316 1780 propugnaculis
1329 1755 1341 1774 ,
1372 1727 1448 1767 hoc
1460 1738 1585 1768 tamen
1601 1744 1671 1783 pe-

12 1800 17 1815 ι
33 1781 136 1821 'culo
157 1794 354 1821 murorum
375 1796 444 1822 nos
455 1783 730 1837 propinquitas
740 1782 933 1823 eximebat
949 1797 956 1821 :
991 1782 1231 1836 tandemque
1242 1797 1311 1837 per
1329 1783 1516 1838 posticam
1529 1786 1671 1839 ingres-

7 1834 16 1896 i
53 1850 70 1877 s
80 1864 94 1884 ‚
122 1836 301 1878 refertam
312 1839 438 1880 inveni
447 1838 666 1879 confluente
676 1853 724 1879 ex
737 1839 910 1880 finitimis
923 1839 1073 1879 virili&
1086 1840 1261 1879 muliebri
1273 1839 1373 1880 sexu.
1405 1840 1515 1881 Nam
1528 1845 1566 1882 &
1580 1844 1668 1882 casu

0 1896 17 1944 i
36 1893 80 1933 lis
90 1893 180 1948 ipfis
190 1895 324 1935 diebus
336 1923 348 1943 ,
375 1897 413 1935 in
423 1895 642 1936 suburbanis
654 1897 852 1952 peregrina
870 1897 1103 1936 commercia
1121 1897 1356 1937 circumasto
1368 1911 1468 1937 anno
1477 1897 1586 1937 solita
1606 1913 1668 1937 ce-

45 1950 144 1991 brari
157 1979 166 1995 ‚
193 1952 409 1993 multitudo
420 1966 676 1994 convenarum
689 1954 853 2008 augebat
864 1953 1079 2008 agrestium.
1111 1953 1259 1993 Interea
1271 1952 1396 1993 sonitu
1408 1955 1516 1994 vario
1529 1955 1667 1995 cuneta

50 2003 240 2056 iscehtur,
271 2009 411 2063 partim
435 2008 585 2059 amissos
605 2011 844 2064 gementibus
858 2037 868 2055 ,
895 2010 981 2051 aliis
998 2023 1088 2050 cum
1101 2010 1220 2051 exitio
1233 2009 1389 2056 sauciis,
1418 2010 1548 2050 multis
1570 2012 1667 2051 cari<

0 2094 13 2135 ᾗ
46 2105 62 2124 2
81 2098 304 2134 Mfilacunarium„
852 2102 1014 2137 conce-‘rsatori
1029 2105 1141 2140 opponit
1151 2103 1279 2129 Liviusin
1288 2104 1443 2137 pagina331.
1467 2101 1482 2117 ⁹*
1498 2102 1575 2130 Idem.
1632 2112 1635 2114 ’

0 2141 8 2153 ’
38 2168 42 2172 ,
889 2148 905 2166 z
927 2139 1057 2177 Molinae]
1090 2143 1130 2168 Sic
1147 2139 1230 2166 molas
1248 2141 1275 2166 &
1290 2139 1398 2174 pistrina
1414 2139 1522 2175 sequior
1537 2141 1665 2167 Latinitas

0 2164 19 2211 11
37 2178 78 2207 ug·
104 2171 219 2202 Aderat,
240 2175 344 2210 inquit,
365 2174 526 2210 amplifflmns
538 2174 824 2210 hortaremagisteriimi—
851 2179 966 2203 vocavit.
987 2178 1018 2203 In
1034 2178 1168 2204 veteribus
1184 2175 1284 2202 Gloffis
1298 2175 1393 2202 malim
1408 2179 1552 2211 ὀδεᾳλεζιεᾳ,
1574 2180 1600 2206 &
1613 2187 1665 2204 moa

0 2214 18 2234 ι’·“
48 2239 49 2242 ¹
72 2208 93 2240 is
101 2210 178 2237 Bauto
186 2213 280 2238 Comes.
300 2213 335 2238 Et
344 2213 371 2238 in
379 2214 464 2239 veteri
474 2211 653 2246 Inscriptione
661 2211 772 2240 Stilicho
783 2213 823 2240 di·
849 2213 956 2240 linarias
965 2217 1087 2248 ιῖθρριλὲτκς
1097 2235 1103 2244 ,
1125 2216 1150 2241 ὃς
1161 2215 1278 2247 Memfim
1288 2233 1294 2243 ‚
1308 2223 1379 2249 aqtiae
1388 2213 1480 2240 molina
1490 2214 1663 2249 explicantur.

0 2261 5 2277 y
37 2251 80 2278 tur
90 2248 175 2280 Comes
184 2246 218 2278 ῶ·
226 2248 344 2284 Magzster
353 2249 479 2285 utriusqm
487 2248 594 2275 militiae.
613 2249 696 2277 Vales.
785 2271 787 2273 .
848 2252 875 2277 Ρ.
885 2251 980 2278 νὶξῐοι·
991 2252 1016 2276 in
1027 2253 1135 2286 regione
1144 2260 1159 2276 x
1167 2260 1205 2276 ιν.
1221 2250 1294 2277 urbis
1304 2251 1397 2277 Romae
1407 2252 1491 2285 ponit.
1511 2253 1601 2278 Dianae
1613 2260 1664 2278 mo-

29 2290 66 2325 '1
89 2282 156 2319 Hosti
176 2285 337 2321 concursatori
359 2285 519 2323 miscemur]
549 2287 690 2316 Statariam
715 2286 822 2315 militem
845 2287 921 2316 linas.
945 2286 1118 2323 [Gregorius
1135 2288 1294 2315 Turom'cus
1310 2289 1336 2314 in
1345 2287 1472 2315 libriin.
1491 2288 1616 2318 Historia:
1624 2297 1665 2316 ca-

29 2328 32 2412 ι
