2007 2658
144 42 796 107 versura}ertrszzrffifflrzztr·
812 44 871 68 ὤ·-
974 44 1092 92 LlB.
1109 47 1285 94 xxix.
1302 48 1448 95 CAP.
1460 45 1506 97 V
1513 83 1523 93 .
1629 49 1727 103 627

78 111 138 163 sus
160 121 213 162 est
227 122 381 162 Firmus
404 135 509 174 equo
529 119 673 160 celsiori
686 119 848 160 insidens
859 145 872 166 ,
902 117 991 173 sago
1015 123 1180 173 puniceo
1204 123 1420 175 porreetiils
1443 122 1562 178 panso
1588 123 1725 163 milites

79 186 97 213 g
112 178 345 219 clamoribus
358 178 504 231 magnis
517 176 663 216 hortari
675 203 687 223 ,
709 186 752 216 ut
764 175 909 215 dedant
924 174 1193 216 Theodosium
1206 180 1446 231 opportune,
1460 179 1724 219 truculentum

74 248 163 275 eum
179 233 377 289 appellans
390 237 427 273 ὃ(
440 232 568 272 dirum
581 260 591 276 ‚
614 235 651 271 ὃ(
665 231 944 286 suppliciorum
959 230 1115 270 saevium
1128 244 1358 285 repertorem
1375 261 1387 280 ‚
1410 234 1436 273 si
1449 234 1726 275 discriminibus

74 291 193 331 eximi
209 290 350 331 vellent
376 301 463 341 quae
478 286 737 340 perferebant.
765 287 843 330 I-Iae
854 286 1051 341 insperatae
1069 299 1184 327 voces
1198 287 1246 326 ad
1258 288 1522 330 dimicandum
1537 290 1727 342 quosdam

74 347 196 386 acrius
213 346 444 390 incitarunt3
477 342 570 382 alios
581 342 750 383 deserere
763 342 947 397 proelium
960 343 1174 382 illexerunt.
1205 342 1374 383 Proinde
1384 345 1452 384 ubi
1475 345 1597 385 nostis
1609 346 1725 385 adve-

74 403 132 442 nit
157 402 266 455 quies
289 400 439 453 prima,
473 398 647 451 partibus
667 399 908 439 tenebrarum
933 397 1132 438 obvolutis
1155 396 1338 444 horrore,
1368 401 1462 440 Dux
1488 399 1656 440 reversus
1678 401 1728 440 ad

73 458 90 484 ¹¹
111 455 337 498 Duodiense
359 453 556 494 castellum
574 482 587 502 ,
616 454 838 509 militesque
863 453 1161 508 recognoscens,
1188 466 1255 493 eos
1278 466 1378 507 quos
1394 454 1413 493 a
1427 457 1625 509 pugnandi
1639 469 1729 510 pro-

73 511 203 566 posito
216 514 389 565 pavor&
408 510 524 550 verba
533 509 769 556 detorserant
781 511 930 556 Firmi,
961 508 1113 550 diverso
1136 520 1272 563 genere
1302 521 1508 562 poenarum
1522 510 1724 551 exstinxit:

72 568 166 608 alios
177 567 372 621 ademptis
382 566 555 606 dexteris
571 594 583 613 ,
612 562 806 620 quosdam
819 567 930 607 vivos
944 564 1182 606 combustos.
1218 563 1495 618 Excubiasque
1508 578 1623 618 agens
1639 579 1728 605 cura

72 622 256 678 pervigili
275 651 286 667 ‚
306 622 557 663 barbarorum
571 622 722 676 aliquos
735 622 845 662 ausos
862 623 948 662 cum
965 634 1151 676 apparere
1161 634 1238 660 non
1253 619 1404 673 possent
1415 646 1428 667 ,
1451 619 1538 673 post
1550 621 1731 660 occasum

73 679 196 728 Lunae
209 677 329 719 castra
339 678 404 718 sua
417 688 564 718 tentare
574 705 588 725 ,
617 677 724 718 fudit
735 705 748 726 ‚
774 678 837 719 vel
848 679 1033 718 irruentes
1047 676 1250 716 audentius
1263 676 1378 729 cepit.
1414 675 1612 729 Digressus
1625 677 1728 715 exin-

71 736 123 776 de
135 734 303 790 passibus
323 734 410 774 citis
425 761 438 781 ,
468 743 480 766 5
497 733 702 789 Jesalenses
717 744 760 775 ut
770 734 962 788 ambiguae
973 732 1068 773 fidei
1082 746 1151 787 per
1162 732 1335 772 tramites
1344 731 1507 771 adortus
1520 731 1704 784 obliquos
1717 758 1727 775 ‚

72 792 175 832 unde
188 803 325 846 parum
338 790 478 844 sperari
490 792 646 844 potuit,
677 791 727 830 ad
752 791 963 843 paenuriam
988 787 1150 830 vastavit
1171 798 1406 828 extremam:
1434 786 1583 841 perque
1603 786 1735 830 Caesa-‘

71 847 200 888 rienfis
215 846 463 887 Mauritaniae
476 846 627 900 oppida
638 845 805 886 reversus
819 844 963 885 Sitifim
975 871 988 890 ‚
1013 843 1217 884 Castorem
1230 847 1268 885 δε
1282 844 1563 883 Martinianum
1579 844 1729 897 rapina·

71 916 158 944 rum
172 902 492 957 flagitiorumque
505 902 676 941 Romani
687 902 895 956 participes
912 928 924 947 ‚
936 900 986 939 ad
1002 900 1200 940 interitum
1218 908 1343 939 tortos
1355 898 1542 939 incendit.
1577 898 1730 938 Redin-

70 968 243 1013 tegratur
274 956 360 1012 post
371 957 455 997 haec
479 969 566 997 cum
592 956 825 997 Isaflenfibus
845 956 1013 997 bellum:
1049 956 1259 1010 primoque
1283 955 1470 995 conflistu
1481 954 1731 994 barbarorum

71 1014 245 1070 pluribus
256 1011 372 1067 pulsis
394 1016 432 1053 ὃς
447 1011 676 1059 interfeffis‚
710 1014 801 1053 Rex
813 1025 948 1052 eorum
962 1012 1149 1066 Igmazen
1177 1013 1332 1053 vincere
1356 1009 1516 1051 antehac
1541 1010 1730 1056 assuetus,

70 1081 215 1111 terrore
232 1069 423 1109 fluctuans
435 1068 526 1108 mali
537 1067 734 1122 praesentis
745 1096 759 1116 ‚
788 1068 965 1123 nihilque
980 1068 1224 1108 commerciis
1237 1068 1368 1109 vetitis
1389 1067 1438 1107 ad
1461 1067 1581 1107 vitam
1595 1065 1675 1120 spei
1685 1065 1730 1105 fi-

70 1127 111 1166 bi
123 1124 258 1166 restare
270 1124 299 1164 si
309 1122 534 1164 obstinatius
547 1125 668 1179 egerit
679 1125 882 1165 arbitratus
895 1152 905 1169 ‚
935 1134 1124 1178 quantum
1137 1123 1251 1163 caute
1264 1122 1345 1163 fieri
1358 1123 1491 1176 potuit
1503 1125 1542 1162 &
1553 1121 1730 1167 occulte,

72 1181 254 1236 prorupit
270 1193 319 1221 ex
336 1181 417 1220 acie
429 1179 528 1220 solus
541 1195 549 1220 ε
564 1179 766 1234 visumque
781 1177 1054 1220 Theodofium
1066 1178 1293 1233 suppliciter
1309 1178 1422 1231 petiit
1440 1203 1453 1224 ,
1482 1187 1527 1217 ut
1559 1177 1575 1202 ⁶
1597 1176 1730 1216 Mafil-

70 1239 148 1278 lam
162 1237 367 1277 Mazicum
379 1236 630 1290 Optimatem
643 1237 693 1277 ad
711 1237 747 1277 se
768 1238 897 1278 venire
915 1234 1081 1289 juberet.
1111 1234 1184 1275 Per
1207 1247 1324 1287 quem
1350 1244 1394 1273 ut
1417 1241 1620 1287 rogaverat
1640 1231 1730 1271 mis-

72 1292 154 1334 sum
167 1321 180 1340 ,
201 1290 443 1333 clandestinis
458 1291 667 1347 colloquiis
683 1293 835 1333 monuit
849 1294 1002 1333 Ducem
1016 1290 1154 1343 suopte
1167 1290 1322 1345 ingenio
1335 1290 1595 1343 pertinacem,
1620 1296 1664 1327 ut
1677 1287 1728 1327 ad

73 1348 321 1404 praebendam
334 1347 402 1395 fibi
413 1349 570 1403 copiam
583 1349 723 1403 agendi
735 1362 823 1403 quae
833 1348 950 1388 vellet
960 1374 973 1394 ,
986 1346 1242 1401 popularibus
1254 1345 1328 1385 suis
1340 1345 1478 1384 acriter
1490 1344 1705 1383 immineret
1716 1369 1730 1390 ‚

73 1404 218 1459 eosque
230 1402 448 1444 affiduitate
461 1404 660 1459 pugnandi
672 1414 837 1444 mutaret
847 1404 884 1443 in
899 1411 1273 1456 metum,promptos
1285 1401 1446 1454 quidem
1458 1399 1507 1439 ad
1521 1398 1729 1454 perduellis

75 1460 250 1502 favorem
264 1487 277 1507 ‚
307 1459 371 1499 sed
378 1460 537 1513 jaeturis
550 1460 830 1514 multiplicibus
847 1458 973 1499 fessos.
1006 1458 1139 1498 Paruit
1152 1456 1403 1497 Theodosius
1418 1454 1530 1496 dietis
1546 1470 1555 1495 ε
1586 1459 1625 1495 ὃς
1649 1467 1729 1494 cre-

75 1517 213 1557 britate
234 1516 489 1555 certaminum
510 1514 700 1556 Isaflenses
721 1517 774 1556 ita
795 1516 979 1570 protrivit
996 1541 1009 1561 ,
1026 1525 1070 1554 ut
1090 1513 1223 1554 iisdem
1245 1512 1460 1553 labentibus
1480 1523 1587 1550 more
1600 1523 1717 1564 pecu-

75 1574 195 1618 dum,
228 1571 382 1612 Firmus
405 1572 566 1611 latenter
588 1572 790 1619 evaderet,
819 1575 858 1613 &
883 1571 1028 1612 aviis&
1045 1570 1250 1610 diuturnus
1262 1568 1415 1607 latebris
1437 1566 1727 1611 amandandus,

76 1628 169 1670 inibi
180 1627 277 1673 dum
293 1627 342 1667 de
353 1626 448 1681 fuga
460 1626 673 1673 consultat,
704 1637 835 1667 tentus
858 1627 907 1667 ab
930 1627 1139 1680 Igmazene
1160 1623 1431 1664 custodiretur.
1463 1621 1516 1661 Et
1542 1623 1728 1676 quoniam
1774 1648 1780 1653 -

75 1683 273 1725 obscurius
285 1681 389 1737 gesta
400 1683 590 1723 didicerat
611 1696 680 1736 per
693 1682 886 1723 Mafillam
899 1709 912 1729 ,
942 1683 980 1721 in
992 1680 1174 1722 extremis
1186 1679 1296 1719 rebus
1308 1692 1427 1719 unum
1441 1678 1654 1718 remedium
1667 1675 1730 1716 su-

76 1737 519 1795 pereffecontemplans,
553 1738 699 1777 calcare
725 1739 885 1779 vivendi
906 1737 1165 1790 cupiditatem
1189 1735 1405 1775 voluntaria
1430 1732 1560 1773 statuit
1581 1742 1725 1771 morte:

77 1799 84 1823 ³
113 1796 286 1848 vinoque
311 1793 490 1833 consulto
511 1792 698 1833 distentus
712 1821 724 1839 ,
755 1792 776 1820 k
792 1797 831 1835 ὃς
853 1791 1117 1846 crapulentus,
1130 1790 1248 1830 silenti
1262 1790 1375 1831 nocte
1390 1786 1580 1843 oppreffis
1591 1787 1728 1828 altiore

116 1895 128 1918 5
149 1885 196 1921 Μ]
206 1880 386 1912 Veffiilienses.
424 1886 440 1911 6
461 1884 507 1920 Mfi
516 1883 642 1912 Mifiliam.
921 1880 1054 1919 Audienfi.
1082 1883 1161 1909 Paene
1177 1880 1317 1907 omiseram
1333 1879 1465 1914 superiori
1480 1878 1546 1906 linea
1562 1877 1728 1910 scribendum

919 1920 970 1947 effe
985 1938 992 1950 ‚
1006 1917 1287 1954 partibustembrarum
1297 1916 1421 1943 obvolutis
1427 1915 1540 1942 horrore:
1553 1914 1587 1942 fic
1601 1916 1672 1941 enirn
1687 1914 1728 1941 10-

82 1956 237 1986 Caesarienfi
255 1957 413 1984 Mauritania
429 1956 540 1992 ponitur
556 1956 582 1981 in
593 1952 698 1982 Notit'ia
714 1955 821 1984 Africae.
842 1958 893 1982 Va·
920 1955 1044 1993 quisolet
1055 1954 1239 1984 Marcellinus,
1257 1962 1288 1981 ur
1299 1954 1390 1979 notavi
1398 1952 1429 1979 ad
1437 1951 1535 1979 librum
1543 1954 1583 1978 28.
1603 1950 1684 1986 Valefi

77 1993 120 2032 lesi
956 1994 964 2018 i
984 1995 1093 2027 Vinaque
1107 1988 1212 2026 consulto
1234 1989 1380 2025 [mentua]
1397 1989 1453 2023 Qi
1468 1996 1585 2015 mortem
1599 1987 1645 2014 fibi
1661 1994 1727 2014 con-

81 2029 84 2032 ’
113 2040 132 2067 g
150 2027 309 2058 clamoribus
323 2031 406 2064 magis
420 2027 532 2061 hortari]
551 2027 662 2063 Credidi
669 2029 763 2062 ignaro
781 2026 893 2063 praeside
920 2028 1027 2056 sciscere
1036 2028 1149 2057 volunt,
1167 2034 1198 2055 ut
1207 2034 1315 2052 ornnem
1324 2025 1428 2052 sensum
1438 2024 1482 2051 sibi
1489 2024 1591 2051 doloris
1599 2024 1726 2053 adimant,

78 2067 113 2096 fic
120 2076 206 2104 nuper
214 2066 323 2094 edidisse
331 2064 500 2093 narnienses,
527 2063 687 2100 restituique
702 2064 777 2100 quod
792 2072 849 2091 erat
864 2066 893 2091 in
918 2065 1080 2093 solentvino
1091 2066 1117 2091 δε
1127 2063 1210 2100 epulis
1218 2060 1462 2098 largiusindulgere
1472 2060 1520 2088 :fic
1528 2062 1598 2087 enim
1606 2059 1726 2092 homines

77 2102 267 2139 Augustam&
278 2103 388 2129 Henrici
396 2101 522 2128 editione.
543 2102 574 2127 In
593 2100 683 2128 eadem
691 2100 894 2136 Augustanavi-
918 2102 949 2129 ad
958 2101 1064 2138 quidvis
1081 2098 1274 2136 suscipiendum
1289 2098 1441 2126 audaciores
1455 2096 1617 2125 efficiuntur.
1636 2099 1728 2132 Atque

76 2139 166 2167 debam
174 2140 254 2176 paulo
263 2146 325 2166 ante
341 2139 429 2166 haberi
446 2136 546 2174 Aeseffis
553 2136 676 2165 lateribus
691 2154 699 2167 ‚
729 2136 805 2174 quod
820 2138 895 2174 piane
919 2139 970 2166 hoc
977 2136 1170 2165 feciffedicitur
1186 2136 1327 2164 Brennus,
1342 2134 1507 2169 *nonillequi
1524 2134 1636 2160 Romam
1646 2134 1729 2167 cepit,

75 2177 164 2211 dirigit
171 2176 202 2204 ad
210 2172 314 2211 denfitis
323 2192 330 2204 ‚
352 2183 383 2203 ut
392 2175 530 2203 dixerunt.
551 2176 626 2200 Gran.
919 2175 964 2202 sed
972 2175 1040 2202 altei-
1047 2172 1137 2209 paullo
1146 2175 1280 2200 recentior
1288 2189 1296 2201 ‚
1316 2174 1361 2209 qui
1369 2169 1461 2198 Gallos
1471 2172 1497 2198 in
1506 2171 1632 2197 Graeciam
1641 2168 1726 2196 duxir.

111 2213 130 2239 h
150 2210 335 2244 AdDuodiensb
343 2211 495 2248 aufidum]
519 2209 636 2237 Codices
648 2210 707 2240 Mis.
715 2209 844 2246 scriptum
850 2210 895 2239 ha.
920 2213 989 2240 Nam
996 2209 1056 2238 αῦτη
1066 2208 1220 2245 profligaras
1230 2217 1273 2236 res
1282 2209 1338 2236 snas
1349 2214 1472 2236 cerneret
1481 2216 1496 2237 ,²
1504 2206 1586 2234 taedio
1597 2215 1625 2234 ac
1640 2205 1728 2241 despe-

72 2248 150 2282 bent,
169 2247 461 2289 asimdknficastellum.
481 2247 669 2278 Editioaurem
679 2247 896 2284 Augustammd
919 2251 1023 2277 ratione
1039 2245 1128 2274 vietus
1145 2244 1206 2274 :iun
1222 2245 1247 2272 se
1264 2255 1340 2274 mero
1356 2243 1553 2280 ingurgitaffet‚
1576 2251 1669 2270 manus
1684 2240 1729 2268 iib'i

1040 2282 1205 2325 Kkkk
1237 2296 1258 2322 2
