2007 2658
470 61 807 110 ΑΜΜΙΑΝΙ
837 62 1333 111 MARCELLINI.

49 165 186 210 perpetuo
196 156 309 194 numini
319 156 331 199 ,’
350 151 480 204 verifiyue
489 153 550 202 ejus
559 153 714 190 cultoribus
724 162 756 188 ut
761 162 846 199 puros
858 153 1061 188 commendant
1071 153 1109 189 (θ’
1122 157 1304 191 verecundos.
1332 159 1456 202 Joviani
1468 172 1572 198 autem
1585 162 1712 199 virtutes

50 219 326 246 commemorans,
353 206 433 240 inte-r
443 214 544 238 cetera
555 202 618 238 ait:
645 201 975 250 Christianaelegisidem
980 201 1132 249 studiosus.
1162 203 1192 237 Si
1205 216 1280 253 ergo
1293 205 1325 240 in
1346 207 1435 241 laude
1455 212 1576 253 Joviani
1599 213 1714 261 ponit.

51 257 251 306 Christianum
259 254 342 290 fuiffe
354 268 362 296 ;
386 254 425 288 de
434 252 608 289 Christiana
619 263 689 286 eum
701 252 772 300 lege
783 250 863 285 bene
877 250 1063 286 existimasse
1075 252 1197 287 necesse
1207 254 1261 290 est.
1288 256 1367 290 Haec
1381 269 1439 304 pro
1452 258 1616 297 adserenda
1628 269 1712 298 Mar..

49 309 145 344 celsini
156 303 342 356 professione
352 306 386 337 &
396 301 548 350 religione
561 302 665 337 dicere
677 301 781 343 volui3
806 301 925 349 nequis
939 313 1009 336 eum
1024 300 1151 348 posthac
1163 329 1172 342 ‚
1203 313 1234 336 ut
1256 316 1409 352 paganum
1433 310 1464 341 δι
1487 308 1624 344 melioris
1644 312 1714 346 voti=

49 357 203 391 exsortem
217 353 419 389 condemner.
446 351 527 386 Sane
540 363 611 386 cum
622 350 811 396 Judaeisnon
822 350 933 389 sentit,
961 362 1039 398 quos
1053 349 1106 386 lib.
1120 363 1179 386 xxx
1189 363 1214 389 1.
1223 351 1372 397 fatentes,
1387 366 1420 389 ac
1428 360 1639 393 tumultuantes
1655 372 1714 394 vo-.⁷

48 416 110 442 cat.
124 404 222 440 Multa
232 402 298 437 sunt
311 412 415 436 tamen
426 400 456 435 in
466 414 505 437 eo
517 401 689 448 Hellenismi
701 399 826 448 vestigia
838 422 848 439 ‚
873 399 971 448 qualia
981 398 1064 434 fuisse
1075 400 1106 433 in
1121 398 1304 436 Christianis
1318 401 1443 438 illorum
1460 414 1639 452 temporum
1652 420 1711 442 no-

48 453 195 489 tiffimum
206 451 262 488 est.
291 451 373 493 Quis
384 451 467 486 enim
481 451 647 496 Jovianum
659 450 740 484 inter
754 449 912 496 Principes
928 448 1124 483 Christianos
1136 461 1201 484 non
1213 449 1305 486 refert
1319 466 1326 486 :
1343 451 1381 486 de
1392 465 1453 500 quo
1465 453 1571 488 nobile
1586 457 1709 491 Aucto-

45 500 308 536 ristestimonium
322 500 507 549 protulimus
516 500 601 537 ante.
629 502 675 535 At
686 499 774 544 hujus
786 498 914 546 Imperii
926 498 1112 547 primordio,
1127 501 1157 533 &
1173 499 1282 534 hostiae
1296 513 1352 548 pro
1365 513 1403 536 eo
1414 501 1586 543 caeduntur,
1597 508 1627 538 δ(
1639 515 1711 540 exta

43 549 268 598 inlperstantur,
288 559 319 584 ut
339 550 421 585 libro
449 563 526 590 xxv,
547 549 737 586 continetur.
761 547 954 588 Gentilitas‚
975 550 1095 582 macula
1107 546 1164 582 fuit
1185 560 1248 583 tam
1270 550 1329 592 elui
1353 551 1515 598 pertinax,
1542 563 1573 587 ut
1585 552 1711 600 vestigia

41 598 104 642 ejus
115 598 317 634 remanserint
330 599 518 635 diutiffime:
549 602 580 634 &
596 598 711 634 durnin
725 597 798 632 fidei
820 596 974 632 summam
986 597 1199 633 consentirent
1211 609 1320 647 gentes
1332 622 1341 639 ‚
1355 601 1460 635 multa
1472 600 1532 636 illis
1553 600 1648 649 primi
1661 614 1712 636 re.

40 647 165 697 ligionis
175 649 340 684 Antistites
362 653 394 685 &
413 649 610 684 Institutores
628 646 860 683 condonabant.
1532 663 1534 665 >
1553 664 1555 669 ⁴
1576 675 1591 681 ,.

88 697 222 735 Videtur
232 698 347 734 tardius
359 728 369 740 ,
394 702 424 733 &
438 698 699 747 quinquagenario
719 697 819 742 major
831 696 869 730 ad
890 695 1083 730 scribendam
1096 696 1267 731 Historiam
1294 697 1480 733 descendisse
1490 722 1500 738 ‚
1528 697 1558 733 id
1569 698 1613 733 est
1627 700 1707 734 con-⁷

39 746 221 782 summatior
233 746 307 783 belli
333 747 477 796 pacisque
491 746 704 795 temporibus,
728 748 760 780 &
773 745 843 793 post
863 744 1041 779 observatas
1063 745 1196 794 insignes
1217 758 1338 787 rerum,
1362 747 1470 796 quibus
1486 747 1644 788 interfuit,
1662 749 1709 785 vi-

39 794 239 833 ciffitudines.
288 798 416 831 Mecum
438 796 528 831 faciet
550 825 559 837 ‚
589 796 640 844 qui
663 805 787 842 tempus
806 806 869 842 quo
887 792 919 827 se
938 793 1167 829 adolescentem
1189 796 1265 830 dixit
1286 824 1295 837 ‚
1324 796 1404 831 circa
1435 797 1583 832 o&avum
1617 810 1710 833 nem-

40 857 80 892 pe
95 843 274 880 Constantii
287 847 494 881 Consulatum
510 873 519 887 ,
547 857 620 879 cum
631 856 670 878 eo
689 843 877 882 contulerit,
905 855 967 891 quo
980 843 1153 878 Historiam
1175 843 1291 893 scripsit
1308 868 1318 886 ,
1343 846 1427 894 quod
1445 846 1582 895 contigit
1594 846 1708 881 Theo-

38 893 124 929 dosio
135 894 308 941 imperante
318 917 328 934 ‚
347 894 399 930 sed
410 906 481 930 ante
493 894 613 929 ruinam
625 893 737 941 templi
748 891 902 927 ambitiosi
914 894 1063 940 Serapidis
1077 893 1302 934 Alexandrini,
1322 897 1452 941 cujusut
1464 896 1571 930 stantis
1583 896 1680 930 adhuc
1691 919 1703 936 ‚

38 941 183 977 meminit
197 943 228 977 in
241 944 392 992 AEgypti
414 944 644 992 descriptione,
673 946 705 978 &
718 943 788 991 post
802 944 942 978 Gratiani
957 952 1104 979 mortem.
1131 944 1233 987 Hujus
1246 944 1332 979 enim
1348 955 1381 979 ut
1393 943 1567 979 fato÷funeti
1580 944 1619 979 fic
1635 957 1706 979 me-

38 991 128 1027 minit
144 991 200 1030 lib.
213 1005 291 1027 xxvi
305 1006 316 1027 1
324 1020 334 1030 .
362 1001 570 1041 Imperatorem
580 994 715 1041 implesset
726 1004 791 1027 cum
803 1002 933 1028 veterum
942 993 1093 1038 tettissimis
1103 995 1331 1038 comparandum
1342 1008 1361 1034 ‚¹
1371 992 1710 1042 fi'perfataproximrss-

34 1051 89 1087 que
99 1042 237 1088 licuisset,
264 1046 314 1089 qui
329 1045 468 1079 virtutem
480 1043 542 1091 ejus
556 1045 711 1078 etiamtum
725 1041 886 1088 instabilem
899 1042 1099 1077 obnubilarunt
1111 1043 1219 1077 actibus
1227 1048 1335 1090 pravis.
1363 1043 1452 1092 Qin
1477 1043 1575 1078 etiarn
1592 1045 1657 1090 ejus
1672 1053 1704 1078 ut

35 1089 291 1124 mortuivirtutes
311 1104 345 1126 ac
361 1093 456 1132 vitia,
485 1093 554 1126 data
565 1091 728 1126 occafione
752 1090 881 1124 strictim
893 1100 1147 1132 commemorat,
1174 1091 1252 1126 vivis
1265 1104 1388 1140 parcere
1400 1093 1573 1127 multorum
1593 1104 1705 1127 exem-

34 1138 90 1186 plo
104 1137 219 1175 solitus.
247 1140 337 1175 Nam
347 1141 433 1190 quod
453 1141 602 1189 Theodofio
617 1140 786 1188 Imperium
799 1149 927 1187 regente
946 1138 1117 1186 scripserit,
1145 1141 1227 1185 cujus
1248 1152 1409 1188 parentem
1434 1141 1617 1187 Theodosium
1636 1141 1704 1175 exi-

33 1187 208 1222 mielaudat
223 1210 233 1226 2
259 1187 387 1239 ejusque
398 1202 445 1225 res
456 1191 556 1239 gestas
568 1189 652 1238 stylo
663 1189 774 1224 altiore
789 1188 898 1223 condit
909 1212 920 1229 ,
946 1191 976 1223 &
991 1188 1007 1223 ὲ
1020 1189 1226 1236 quorumdam
1240 1190 1526 1238 reprehensionibus
1538 1188 1678 1224 defendit
1690 1219 1697 1230 ,

32 1246 144 1284 praeter
154 1236 344 1284 superiorem
354 1239 508 1274 rationem
526 1241 575 1275 vel
587 1239 659 1274 inde
669 1239 815 1274 existimo
827 1266 836 1279 ,
862 1238 932 1286 quia
948 1238 1131 1284 Theodostum
1139 1238 1286 1286 Juniorem
1298 1262 1308 1279 ‚
1333 1241 1435 1275 ducem
1455 1239 1574 1287 Moesia,
1603 1237 1709 1285 prima&

31 1277 187 1322 et'iae'mtum
206 1287 340 1335 lanugine
355 1289 517 1337 juvenem,
549 1290 709 1335 Principem
730 1288 824 1335 postea
834 1285 1240 1336 perspectissimum'appellat
1264 1289 1343 1324 libro
1355 1299 1455 1324 xxxx,
1483 1287 1542 1321 Sed
1554 1291 1585 1321 &
1599 1288 1701 1322 raeculi

31 1334 247 1370 Theodofiani
258 1336 442 1374 felicitatem
455 1350 489 1372 ac
503 1336 690 1373 modestiam
707 1338 826 1372 videtur
845 1335 1069 1370 commendare
1080 1334 1149 1368 libri
1161 1346 1243 1370 xxvi
1259 1348 1272 1370 1
1285 1349 1313 1372 ι.
1330 1336 1507 1383 principio,
1535 1334 1612 1368 cum
1631 1336 1698 1371 ait:

32 1384 178 1432 Praesentis
195 1389 324 1432 temporis
342 1384 477 1435 modeftid
490 1387 604 1432 fretus,
632 1388 754 1431 carptim
777 1394 808 1419 ut
829 1396 943 1430 quaque
954 1379 1090 1418 memoriis
1101 1383 1191 1430 digna
1208 1385 1276 1432 sum
1288 1408 1299 1424 ‚
1322 1386 1493 1431 explanabo.
1527 1383 1581 1417 Ab
1594 1395 1632 1418 v1
1643 1395 1655 1417 1
1666 1396 1694 1421 1,

31 1441 135 1467 autem
147 1432 320 1470 Consulatu
334 1435 511 1470 Constantii
522 1434 558 1469 ad
574 1443 717 1469 exortum
734 1433 910 1469 Theodosii
925 1431 1078 1478 Principis
1091 1434 1164 1465 anni
1176 1432 1243 1466 sunt
1255 1444 1313 1467 xxx
1321 1445 1348 1468 v.
1372 1431 1409 1466 ad
1423 1430 1569 1466 Gratiani
1581 1434 1625 1469 A.
1638 1444 1701 1467 cae-

32 1479 105 1516 dem
118 1492 253 1518 xxvnr.

81 1531 137 1564 De
147 1539 293 1576 tempore
301 1531 411 1566 mortis
423 1542 457 1565 ac
467 1542 582 1580 genere
596 1553 606 1569 ‚
627 1530 702 1566 nihil
713 1528 813 1563 habeo
824 1527 908 1576 quod
920 1527 1020 1562 dicam
1036 1542 1043 1562 :
1067 1527 1193 1563 tanturn
1206 1541 1324 1564 moneo
1339 1552 1348 1568 ‚
1363 1530 1570 1566 Ammianum
1580 1530 1612 1567 in
1634 1531 1697 1567 stu-

31 1576 90 1614 diis
109 1576 324 1613 doffrinarum
345 1579 382 1614 ad
400 1588 581 1616 extremum
602 1580 696 1627 usque
710 1579 781 1612 vitae
795 1577 933 1626 spiritum
955 1588 1083 1624 operam
1098 1577 1247 1624 posuisse,
1268 1590 1305 1613 ex
1318 1577 1421 1626 eoque
1439 1580 1561 1630 colligo
1573 1603 1583 1620 ,
1605 1581 1695 1629 quod

31 1627 104 1662 dum
118 1627 227 1675 populi
239 1628 384 1665 Rom&
399 1628 734 1664 maxime-Nobilitatis
746 1627 809 1662 otia
822 1650 832 1667 ‚
861 1625 1017 1673 mala'sque
1028 1637 1106 1661 artes
1119 1627 1316 1673 reprehendit
1328 1657 1336 1670 ,
1359 1630 1502 1663 dominas
1512 1630 1554 1663 ait
1565 1652 1573 1668 ‚
1597 1640 1630 1664 ut
1640 1643 1696 1666 ve-

31 1688 107 1712 nena
115 1675 245 1722 detestari
259 1699 270 1717 ,
295 1677 448 1724 Ρτοάυᾶο
461 1678 494 1714 in
505 1690 574 1713 earn
586 1690 652 1713 rem
666 1682 790 1713 Socratis
802 1675 901 1711 nobili
913 1676 999 1711 dieto
1011 1698 1019 1714 ‚
1039 1676 1089 1724 qui
1103 1675 1190 1710 evita
1202 1676 1351 1724 postridie
1362 1675 1554 1717 discessurus,
1577 1679 1692 1728 aliquid

31 1723 169 1772 amplius
181 1724 256 1760 scire
263 1727 399 1775 optavit.
852 1747 855 1749 ’

77 1774 136 1808 Sed
147 1777 179 1809 &
192 1773 345 1811 sollemne
355 1776 400 1812 est
413 1779 564 1813 Ammiano
576 1799 585 1815 ‚
610 1777 690 1811 bene
702 1777 752 1811 vel
766 1778 846 1810 male
857 1774 974 1824 gestam
988 1775 1103 1821 Remp.
1114 1774 1266 1809 doctrinae
1277 1804 1287 1818 ,
1313 1786 1364 1811 aut
1374 1776 1558 1826 ignorantia:
1579 1777 1692 1814 adscri-

30 1822 116 1858 bere.
140 1824 248 1870 Itaque
254 1827 392 1871 peritiam
407 1829 547 1862 Gratiani
556 1827 586 1860 in
595 1826 659 1860 fine
670 1825 724 1862 lib.
737 1838 810 1861 xxx,
822 1824 923 1859 laudat
935 1839 945 1857 .-
963 1834 997 1858 ut
1009 1823 1079 1857 alibi
1093 1826 1215 1859 Valentis
1227 1825 1333 1860 rudem
1346 1830 1376 1860 δι
1392 1828 1475 1862 male
1487 1827 1691 1863 informatum

30 1871 272 1919 animumatque
283 1874 379 1908 utille
399 1876 534 1923 appellat
545 1876 925 1922 inconsummatum-notan
954 1873 1001 1907 Ex
1026 1873 1081 1906 hac
1095 1874 1209 1907 mentis
1227 1873 1431 1911 inclinatione
1453 1880 1485 1912 &
1508 1876 1700 1926 proposito,=

30 1921 267 1957 Valentinianum
287 1925 432 1968 Imperat.
448 1934 519 1958 ante
534 1924 919 1972 Gratiani-aflumptionem
930 1921 1000 1960 ‚ufic
1013 1929 1070 1970 pro
1081 1934 1119 1969 eo
1132 1923 1211 1969 apud
1236 1924 1348 1960 milites
1369 1926 1578 1971 spondentem
1598 1925 1691 1960 indu-

31 1969 73 2004 cit
88 1972 99 2011 ’ς
152 1971 269 2004 uoniam
281 1971 482 2013 humanitate,
512 1973 549 2010 ἐφ’
552 1971 653 2018 studiis
664 1973 1196 2021 disciplinarumfhllertiumexpolitus
1208 1995 1217 2011 ,
1236 1972 1353 2009 librabit
1365 1975 1512 2023 suffragiis
1529 1970 1688 2021 purisme-

29 2020 89 2054 rita
100 2016 174 2054 recte
184 2014 301 2066 secusve
304 2019 464 2066 gestorum:
482 2019 574 2066 faciet
585 2030 616 2055 ut
624 2021 756 2070 sciantse
769 2024 832 2057 boni
844 2022 987 2069 intel-ligi,
1017 2023 1079 2057 &a
1091 2020 1142 2055 Eo
1162 2022 1315 2068 pertinet,
1343 2024 1426 2070 quod
1439 2025 1478 2058 de
1491 2024 1585 2071 Orfito
1604 2022 1690 2068 Praef.

31 2074 64 2104 V.
76 2065 117 2102 sic
128 2065 251 2103 scribit:
273 2069 435 2117 Forenflum
449 2072 625 2116 negotiorum
636 2069 848 2122 oppidognarus
859 2092 869 2108 ‚
893 2070 946 2117 sed
950 2069 1098 2118 splendore
1109 2071 1273 2106 liberalium
1284 2074 1473 2107 doctrinarum
1483 2069 1577 2108 minus
1599 2067 1687 2118 quam

31 2117 167 2153 Nobilem
177 2117 332 2158 decuerat,
358 2117 513 2164 institutus.
541 2119 657 2166 Culp‘at
668 2121 762 2156 etiarn
777 2121 808 2155 in
829 2119 911 2155 libro
925 2131 999 2156 xxx.
1025 2119 1181 2166 Modestum
1203 2120 1228 2146 ἢ(
1251 2120 1417 2167 Profec‘lum
1433 2124 1561 2157 Pretorio
1572 2143 1582 2158 ‚
1608 2118 1685 2166 quod

25 2165 341 2214 subagreste-ingenium
351 2196 359 2208 ‚
382 2168 465 2203 nullis
480 2168 630 2215 vetustatis
638 2168 1136 2216 lettioniousoxpotiiumhabuerit:
1156 2172 1190 2204 &
1205 2169 1414 2205 Nobilitatem
1425 2171 1604 2205 Romanam
1617 2167 1688 2204 non*

30 2213 123 2258 semel
134 2215 252 2264 carpit,
277 2216 362 2265 quod
375 2216 392 2252 ὲ
405 2217 554 2253 doetrinis
565 2216 681 2264 aliena,
698 2223 728 2255 &
741 2223 772 2256 in
782 2218 1058 2270 perpetuumclaufis
1069 2219 1148 2264 apud
1156 2230 1199 2266 eos
1203 2220 1396 2267 sepulcrorum
1415 2222 1474 2254 ritu
1492 2220 1660 2254 bibliothecis
1674 2238 1692 2257 r

32 2265 125 2305 ma‘las
134 2265 290 2301 otii'artes
310 2267 591 2316 tantutfr'i‘agitaret.l
619 2271 703 2312 Qiae
715 2265 1068 2315 omniavarieffisparfa'&
1082 2266 1235 2311 collecta,
1259 2280 1361 2304 mores
1383 2265 1587 2318 animumque
1598 2274 1685 2304 Mar-

30 2310 212 2354 certiv'elur
221 2316 265 2352 ob
276 2318 384 2353 oculos
394 2316 572 2367 legentibus>
579 2324 730 2366 ponunt.³'
747 2324 751 2335 ‘
782 2317 829 2346 ‘³¹'ss
844 2323 955 2368 ztr‘fiffi'o
964 2323 1095 2360 edentem
1106 2324 1189 2367 Aah*
1222 2326 1243 2345 -’
1293 2367 1312 2402 d
1359 2336 1374 2346 ν·
1403 2313 1408 2346 s
1446 2343 1449 2346 >
1472 2324 1482 2338 '³
1535 2341 1540 2349 ‚
1575 2326 1605 2350 ⁴⁷¹
1682 2328 1697 2349 ὖ

1269 2377 1278 2413 (
1341 2379 1357 2402 2
1374 2371 1386 2406 )
