2007 2658
121 58 560 94 comimmwfiam&
833 57 952 105 Lm.
967 61 1123 111 xvu.
1150 66 1294 115 CAP.
1313 67 1442 117 xm.
1629 86 1647 117 1
1660 91 1722 136 99

154 98 253 124 cereale
262 93 331 123 Coss.
339 98 411 121 Anno
419 94 475 120 chr.
488 98 545 127 358.

54 147 144 189 ‘cum
159 142 335 198 precibus
350 171 367 188 ,
395 149 440 179 ut
450 137 645 191 superatos
657 133 878 176 &imbelles
891 136 1074 177 dominos
1085 138 1297 194 aspernati,
1327 143 1554 186 fortioribus
1563 144 1649 187 vifis
1659 147 1717 188 in-

55 203 244 244 clinavere
266 197 441 238 cervices.
483 194 659 246 Accepta
682 192 814 246 itaque
836 192 992 245 publica
1014 192 1117 241 fide,
1146 200 1184 236 &
1198 197 1348 238 deserto
1359 202 1552 242 montium
1573 211 1723 258 propu-

54 257 221 315 gnaculo
233 283 246 304 ,
279 253 328 294 ad
348 250 466 292 castra
476 249 658 289 Romana
677 248 901 290 convolavit
922 263 1059 289 eorum
1081 263 1168 304 pars
1182 256 1307 304 maj01·
1317 285 1337 301 ,
1363 256 1503 298 diffusa
1523 271 1591 311 per
1599 258 1724 314 spatia

53 315 184 371 ampla
204 320 453 364 camporum,
483 318 572 345 cum
596 305 818 359 parentibus
835 334 846 350 ‚
877 309 916 346 &
929 307 1027 346 natis
1037 334 1051 354 ‚
1085 317 1205 362 atque
1226 311 1455 365 coniugibus
1466 341 1480 360 ‚
1510 315 1722 371 opumque

28 363 30 397 l
54 372 200 414 vilitate
211 396 222 414 ‚
253 376 367 421 quam
380 363 431 417 eis
443 361 647 402 celeritatis
658 360 757 402 ratio
774 370 784 387 ¹
796 361 914 402 furari
934 362 1117 417 permisit.
1149 365 1201 404 Et
1211 365 1281 419 qui
1294 367 1438 407 animas
1450 370 1626 411 amittere
1638 386 1665 426 p
1674 387 1722 413 o-

28 415 29 429 ἵ
54 429 153 475 tius,
182 424 300 479 quam
323 420 415 475 cogi
433 417 558 459 solum
578 429 727 459 vertere
749 419 1008 473 putabantur,
1036 420 1133 460 dum
1155 421 1336 461 licentem
1349 426 1554 465 amentiam
1565 427 1720 468 liberta-

51 493 131 524 tem
150 479 407 522 existimarent
423 503 435 523 ,
465 488 599 529 parere
618 476 785 530 imperiis
799 504 810 521 ,
840 480 878 516 &
891 475 998 517 sedes
1018 476 1108 517 alias
1128 477 1315 533 suscipere
1336 478 1423 519 sunt
1444 480 1587 522 adsensi
1609 494 1718 525 tran-

27 571 29 585 1
49 537 187 594 quillas
205 540 245 578 ὃ(
258 534 355 576 fidas
368 548 376 573 :
407 542 453 572 ut
464 545 534 572 nec
546 531 653 572 bellis
666 533 797 581 vexari
813 560 825 579 ‚
853 546 923 573 nec
934 534 1076 573 mutari
1093 532 1345 576 seditionibus
1354 534 1514 590 poffint.
1553 537 1717 581 Iisdem-

27 598 126 651 'que
135 607 183 635 ex
194 591 401 634 sententia,
431 599 476 629 ut
487 588 739 637 credebatur,
767 590 963 644 acceptis,
994 591 1177 644 quievere
1199 591 1428 647 paullisper,
1462 591 1551 648 post
1563 592 1718 636 feritate

45 653 173 694 nativa
182 651 220 691 in
233 656 250 674 2
260 646 416 689 exitiale
425 645 545 686 scelus
555 646 672 687 ereffi
682 673 695 694 ,
724 656 769 686 ut
781 659 960 701 congruo
980 647 1187 688 docebitur
1196 658 1320 689 textu.
1351 650 1448 690 Hoc
1460 662 1587 690 rerum
1599 652 1711 704 pros-

44 719 140 763 pero
159 715 335 748 currente
354 702 522 744 successu
534 730 547 753 ,
578 702 700 742 tutela
710 702 869 757 Illyrico
891 713 1119 758 competens
1138 706 1294 759 gemina
1304 704 1357 746 est
1369 707 1516 747 ratione
1532 706 1709 748 firmata:

45 766 155 819 cujus
167 763 316 818 negotii
330 759 528 815 duplicem
544 759 851 813 magnitudinem
863 759 1080 814 Imperator
1090 761 1284 816 adgressus
1294 789 1308 810 ,
1337 773 1546 819 utramque
1559 771 1570 795 ³
1583 763 1711 818 perfe-

43 822 112 862 cit.
143 820 302 862 Exsules
311 815 508 873 popu108‚
536 814 630 855 licet
640 814 857 855 mobilitate
879 815 1122 870 4suspeetos,
1151 818 1303 860 astutos
1314 829 1440 860 tamen
1454 819 1587 875 paullo
1606 834 1715 862 vere-

42 875 206 918 cundius
219 907 237 924 ,
265 874 423 915 tandem
443 871 625 913 reduetos
648 872 686 911 in
706 872 818 914 avitis
841 870 994 913 sedibus
1013 873 1234 916 collocavit.
1274 874 1498 932 Iisdemque
1516 876 1567 917 ad
1577 878 1711 932 gratiae

39 933 240 975 cumulum
252 958 265 979 ,
294 943 372 971 non
383 927 594 985 ignobilem
616 929 842 983 quempiam
855 928 1006 984 Regem
1019 960 1032 980 ,
1062 928 1126 971 sed
1140 945 1258 986 quem
1277 933 1350 987 ipfi
1359 944 1471 974 antea
1490 932 1559 974 fibi
1570 932 1712 988 praefe-

25 1002 153 1037 ‘cere,
185 987 377 1044 Regalem
396 982 582 1040 imposuit
599 1011 612 1032 ,
640 984 752 1025 bonis
770 985 888 1025 animi
915 985 1171 1042 corporisque
1195 989 1450 1044 praestantem.
1482 990 1579 1031 Tali
1593 1000 1712 1032 textu

21 1049 23 1054 ⁴
41 1046 146 1088 reue
166 1043 359 1086 fabrorum
371 1070 384 1090 ,
414 1040 667 1083 Constantius
684 1043 765 1096 jam
787 1052 984 1083 metuente
1001 1042 1199 1085 sublimior
1215 1073 1228 1093 ,
1259 1054 1276 1081 q
1290 1045 1529 1101 militarique
1549 1045 1707 1087 consen-

44 1157 151 1199 surus
174 1185 187 1207 ,
215 1156 440 1199 convocatis
462 1154 688 1195 cohortibus
710 1182 723 1203 ,
754 1159 794 1196 &
814 1153 996 1196 centuriis
1011 1184 1025 1204 ,
1052 1161 1092 1198 ὅτ
1112 1158 1320 1213 manipulis
1339 1158 1519 1199 omnibus
1541 1186 1554 1206 ,
1584 1158 1706 1199 tribu-

36 1215 100 1256 nal
118 1212 308 1261 insistens,
339 1210 530 1267 {ignisque
549 1210 718 1252 ambitus
739 1215 779 1253 &
797 1212 938 1268 aquilis
952 1240 965 1260 ,
993 1217 1033 1254 &
1054 1215 1210 1269 agmine
1232 1215 1511 1270 multiplicium
1531 1213 1705 1269 potesta-

36 1282 120 1312 tum
145 1298 158 1319 ,
199 1269 260 1311 his
287 1269 504 1310 exercitum
529 1267 722 1309 allocutus
744 1267 800 1308 est
822 1297 833 1313 ‚
873 1283 941 1309 ore
963 1270 1142 1311 omnium
1173 1269 1395 1311 favorabilis
1415 1299 1430 1318 ,
1468 1281 1513 1311 ut
1533 1270 1700 1313 solebat:

24 1326 242 1370 'Hortatur
264 1323 487 1366 recordatio
510 1336 645 1364 rerum
658 1323 832 1378 gloriose
845 1324 1069 1380 gestarum,
1098 1327 1198 1366 omni
1202 1326 1467 1380 jucunditate
1481 1326 1589 1367 viris
1600 1328 1698 1377 for-

35 1384 142 1425 tibus
153 1382 313 1440 gratior
335 1412 351 1429 ,
379 1379 581 1420 admodum
601 1380 822 1420 verecunde
841 1381 1038 1434 replicare
1059 1412 1076 1428 ,
1105 1395 1190 1437 quae
1210 1381 1409 1424 divinitus
1430 1381 1564 1423 delata
1579 1383 1694 1434 forte

24 1438 220 1480 'vincendi
230 1470 246 1487 ,
277 1437 319 1481 Εό
333 1445 426 1477 ante
425 1436 574 1490 proelia
584 1463 596 1483 ‚
626 1435 667 1478 t&
679 1435 720 1476 in
731 1435 809 1489 ipso
821 1437 1063 1478 correximus
1061 1438 1232 1491 fhrvore
1232 1447 1457 1495 pugnarum
1467 1471 1484 1487 ,
1513 1440 1700 1480 Romanae

13 1494 266 1548 ‘reifidgffimi
274 1492 501 1546 defensores.
533 1490 652 1550 Quid
657 1494 759 1532 enim
769 1499 851 1532 tam
852 1493 1039 1546 pulcrum
1051 1521 1064 1540 ,
1086 1494 1496 1549 ta‘mqueposteritatbs
1504 1496 1704 1536 memorie

29 1551 128 1607 iusta
145 1550 298 1593 ratione
313 1547 570 1589 mandandum
589 1578 606 1594 ,
634 1546 754 1602 quam
774 1555 819 1587 ut
837 1548 950 1587 miles
957 1548 1118 1601 strenue
1125 1550 1256 1602 fhbh's
1273 1581 1293 1597 ,
1320 1550 1459 1591 duffor
1471 1550 1698 1605 prudenter

5 1622 8 1626 ’
29 1607 208 1661 consultis
227 1604 432 1659 exsultet?
461 1602 726 1656 Perficltabat
739 1603 942 1652 Illyricum
950 1605 1077 1657 furor
1095 1604 1239 1660 hostilis
1250 1639 1267 1654 ,
1295 1606 1510 1660 abstutiam
1529 1607 1697 1661 nostram

31 1665 222 1705 inanitate
240 1661 405 1705 tumenti
425 1660 662 1716 despiciens,
688 1659 779 1701 dum
789 1660 919 1701 Italos
928 1669 1129 1703 tueremur
1150 1662 1191 1706 {5
1206 1662 1368 1705 Gallos:
1399 1665 1603 1720 variisbue
1613 1664 1693 1716 dis.

11 1744 13 1747 v
28 1718 201 1773 cursibus
211 1718 390 1773 vastabat
401 1718 548 1760 extima
559 1715 729 1757 limitum
742 1733 757 1757 :
783 1731 884 1758 nunc
907 1724 920 1749 5
931 1719 1087 1760 cavatis
1097 1719 1301 1761 roboribus
1312 1752 1330 1768 ,
1358 1721 1564 1777 aliquoties
1566 1730 1691 1776 pera-

3 1790 149 1834 ⁴grans
162 1775 327 1831 pedibus
336 1774 526 1829 flumina,
557 1786 627 1815 non
649 1773 926 1830 congreffibus,
951 1789 1019 1815 nec
1037 1776 1160 1817 armis
1170 1777 1308 1829 fretus
1327 1786 1398 1818 aut
1408 1777 1593 1825 viribus,
1612 1777 1697 1830 fid

6 1849 13 1867 »¹
22 1833 246 1877 llatrociniis
260 1834 424 1885 affuetm
438 1830 599 1872 occultis
611 1861 630 1878 ,
656 1830 736 1885 astu
748 1831 789 1876 [5
800 1830 1031 1886 ludg'ficandi
1039 1833 1242 1874 varietate
1234 1833 1331 1888 jam
1349 1833 1497 1875 indeab
1508 1833 1691 1888 instituta

4 1932 8 1951 a
66 1935 80 1954 ι·
101 1926 278 1962 Ms.futurari.
316 1933 332 1950 2
352 1922 398 1959 MJ.
405 1923 515 1951 exitiale.
558 1931 569 1956 3
591 1923 792 1960 steph.perfecit
801 1926 840 1952 in-
867 1932 1009 1952 nomentum
1026 1945 1033 1956 ‚
1051 1925 1119 1962 quod
1128 1935 1176 1952 vos
1188 1936 1266 1954 unum
1280 1925 1393 1963 idemque
1402 1925 1540 1961 sentientes
1555 1925 1634 1955 mihi,
1654 1935 1688 1953 ne

29 1962 96 1992 adis.
117 1963 226 1992 Exules.
264 1971 282 1995 4
301 1961 348 1997 Mſs
364 1961 442 1999 supra
456 1969 508 1988 res.
547 1969 560 1993 5
581 1961 670 1997 steph.
685 1962 794 1989 nauticis
801 1972 840 1989 ro·
867 1960 897 1994 fit
910 1972 1031 1998 arrogans
1045 1962 1140 1993 dicere,
1158 1964 1246 1990 merito*
1253 1962 1382 1998 tribuistis.
1401 1965 1440 1989 Ut
1450 1961 1509 1990 {ane
1518 1962 1562 1989 liic
1571 1970 1688 1998 quoque

0 2007 9 2025 ε
28 1999 132 2029 boribus,
866 1998 1009 2035 legendum
1022 1999 1070 2027 fit,
1090 1999 1247 2036 militarique
1262 1999 1372 2035 consensu
1388 1998 1511 2027 Secundus
1526 2002 1684 2026 Sarmaticus·

865 2036 1008 2073 appellatus.
1029 2037 1085 2071 Q
1101 2044 1189 2063 tamen
1203 2046 1234 2063 an
1245 2035 1317 2064 reue
1327 2035 1465 2064 Secundus
1476 2037 1633 2063 Sarmaticus
1642 2036 1683 2063 di·-

72 2076 132 2103 iore
144 2080 288 2110 ponuntur
299 2091 306 2104 ‚
323 2071 339 2100 *a
355 2073 505 2100 Sarmaticis
518 2070 593 2101 forte
609 2071 760 2101 Picenfibus
773 2081 838 2109 pro·
864 2081 955 2103 catur,
975 2075 1029 2109 ipse
1044 2073 1149 2101 viderit.
1169 2074 1237 2099 Nam
1252 2073 1288 2100 ob
1307 2073 1432 2101 vidior-ias
1447 2081 1543 2100 contra
1551 2074 1681 2100 Sarmatas

82 2113 86 2119 ’
115 2110 197 2147 Valefi
866 2113 894 2139 &
906 2119 969 2138 ante
985 2111 1179 2138 Constantium
1198 2112 1233 2137 M.
1250 2111 1409 2137 Antoninus
1423 2109 1599 2146 Philosophus
1615 2129 1623 2140 ‚
1650 2112 1681 2139 ὃς

63 2157 81 2186 q
100 2147 260 2186 Militarique
275 2146 386 2185 confinfia
395 2147 501 2185 ficundo
517 2149 706 2185 Sarmaticuss]
735 2149 778 2175 De
791 2156 837 2174 ve·
866 2150 934 2176 Aur.
944 2150 1104 2176 Antoninus
1114 2146 1249 2174 Baffianus
1259 2149 1343 2183 Impp.
1357 2147 1453 2183 aliique
1461 2149 1595 2174 Sarmatici
1607 2155 1679 2183 quo-

22 2186 104 2226 ,Me
116 2185 197 2221 hujus
214 2186 265 2213 loci
282 2185 394 2214 dubium
411 2185 518 2213 nullum
534 2185 597 2213 esset
614 2204 622 2214 ‚
648 2187 675 2212 ni
688 2185 742 2221 ipse
757 2186 837 2213 Con·
864 2194 917 2221 que
925 2185 987 2213 dicti
996 2185 1087 2214 fuere,
1107 2192 1139 2212 ut
1149 2193 1182 2211 ex
1193 2183 1320 2212 Historiae
1331 2184 1627 2221 AuggScriptoi-ibus,
1648 2186 1679 2213 Sc

22 2221 135 2261 mintius
144 2222 214 2252 aliud
223 2224 483 2251 innuerevidererur
492 2240 499 2252 ‚
521 2226 547 2252 in
558 2223 679 2252 militari,
700 2231 760 2259 quae
771 2232 836 2250 mox
864 2224 990 2251 Nummis
1000 2223 1135 2250 veteribus
1142 2220 1253 2248 constat.
1271 2221 1406 2249 Lindenbr.

21 2268 24 2296 ξ
67 2263 144 2289 uitur
153 2280 160 2290 ,
176 2260 355 2290 allocutione,
375 2261 439 2289 dum
448 2262 498 2288 ait:
518 2259 638 2294 Postremo*
645 2269 686 2295 ego
692 2269 787 2297 quoque
794 2260 837 2288 ho·
901 2270 915 2287 r
934 2263 1090 2288 Sarmaticus
1103 2259 1240 2294 appeHatus
1253 2268 1286 2286 ex
1298 2257 1610 2295 vocabulasubafiorum]
1631 2259 1676 2286 Ex

49 2299 53 2304 '
67 2300 72 2305 '
89 2297 207 2328 vocabuli
213 2296 480 2336 spoliumpraemefero
490 2318 498 2330 ,
517 2296 773 2333 Secundissarmarici
781 2306 835 2335 cog·
862 2297 997 2326 vocabulis
1005 2299 1127 2333 gentium
1136 2294 1301 2325 subaetarum
1308 2295 1426 2324 victores
1440 2298 1549 2324 nomina
1556 2295 1678 2324 fibiindi-

21 1118 23 1129 ·
43 1101 86 1143 fu
106 1101 276 1143 fecundo
296 1098 554 1141 rSarmaticus
577 1098 795 1153 appellatus
814 1113 863 1140 ex
882 1100 1077 1140 vocabulo
1098 1100 1343 1142 subael-orum
1359 1131 1370 1147 ,
1394 1104 1559 1157 jamque
1568 1101 1708 1142 disces..
1770 1135 1780 1140 e
