2007 2658
85 75 226 109 μηκας
237 75 266 98 Α.
286 71 510 106 jammam&
523 67 629 96 ⁵²¹¹uffi⁰
793 68 910 115 LlB.
926 72 966 116 X
977 71 1104 120 XIV.
1124 77 1269 122 CAP.
1285 76 1368 128 IV.
1574 96 1605 141 4
1610 96 1666 145 33

120 106 188 134 Coss'.
201 111 274 132 Anno
290 106 346 131 Clu.
361 109 418 134 3⁶3·

21 153 144 208 cipem
156 151 293 206 gladiis
305 150 447 204 petiere
457 145 633 189 distri-stis
645 159 653 185 :
686 144 751 186 sed
768 146 936 185 occurrit
948 145 1085 188 {uibus
1096 151 1266 191 erenum
1277 153 1390 194 altius
1399 153 1548 196 scutum
1563 172 1571 197 ε
1586 171 1669 210 quo

21 203 218 249 comestus
228 207 365 261 magna
372 205 547 258 elataque
560 201 706 242 fiducia
717 201 828 241 unius
839 200 948 241 lateri
963 199 1107 242 ferrum
1117 204 1246 246 infixit
1261 222 1269 246 :
1291 209 1453 250 alterum
1467 211 1668 265 stipatores

22 264 284 317 multiplicatis
295 262 429 302 iffibus
440 258 677 299 occiderunt.
711 256 890 297 Residuis
909 284 921 303 ,
951 256 973 295 ὲ
984 258 1124 310 quibus
1137 261 1324 303 vulnerati
1338 264 1421 304 sunt
1435 267 1575 320 aliqui,
1592 267 1675 309 dis-1

20 319 123 360 'citis
135 323 173 358 in
186 317 316 372 fugam
329 343 341 363 ,
354 314 602 369 spoliatisque
614 313 801 353 ambobus
813 340 826 360 ,
848 313 1031 352 reducens
1042 313 1253 354 incolumes
1265 317 1389 360 socios
1400 335 1489 361 cum
1503 323 1670 364 exsuviis

60 375 198 415 meavit
219 373 277 412 ad.
288 371 404 411 castra
416 402 426 418 ,
448 371 623 410 omnium
647 369 780 409 laetitia
804 368 944 423 magna
956 367 1166 423 susceptus.
1193 379 1207 396 ³
1233 371 1392 413 Sustulit
1404 377 1441 415 in
1452 377 1559 416 hoste
1574 392 1667 431 pro-

53 440 134 470 rato
154 440 307 468 aureum
333 426 424 466 colli
446 426 589 466 monile
606 424 859 479 Torquatus:
893 422 999 464 fudit
1009 424 1379 466 confidentissimum
1397 430 1552 472 Gallum
1566 434 1666 473 alitis

23 428 326 561 propugnatione
337 482 514 524 Valerius
527 509 538 528 ,
565 480 696 536 postea
708 489 970 535 cognomento
983 480 1202 521 Corvinus:
1235 481 1389 536 hacque
1401 485 1523 537 gloria
1537 488 1666 540 poste-

24 541 116 588 litati
128 538 214 579 sunt
222 538 508 579 commendati:
533 551 610 577 non
621 537 859 577 invidemus:
884 536 1043 575 accedat
1056 536 1132 576 hoc
1148 551 1309 591 quoque
1331 545 1588 582 monumentis
1601 558 1664 583 ve-

25 589 154 635 'eribus
173 593 320 634 facinus
341 593 558 648 pulchrum.
592 591 809 632 Constratis
836 591 1020 645 postridie
1033 592 1218 645 pontibus
1233 621 1243 637 ,
1268 596 1519 650 exercituque
1553 598 1567 621 ⁶
1588 608 1664 638 tra..

60 650 124 691 &o
134 675 147 697 ,
169 654 209 691 &
230 652 381 690 metatis
403 649 493 689 alibi
512 648 692 688 salubrius
715 646 843 687 castris
865 647 968 687 vallo
984 647 1417 701 duplicicircumduffis
1431 678 1443 697 ,
1477 653 1665 705 quoniam

45 704 303 759 utdiximus)
326 705 557 745 timebantur
566 703 788 743 solitudines
802 703 923 755 planae
936 730 948 749 ,
958 703 1100 756 oppidi
1113 701 1276 758 suscepit
1287 705 1477 746 obsidium
1489 734 1498 751 ‚
1513 709 1664 760 pericu-

53 761 134 802 sum
156 760 239 801 fore
263 761 477 801 existimans
490 787 501 805 ‚
531 759 558 799 si
570 759 744 811 gradiens
767 758 944 811 prorsus,
979 759 1122 813 atergo
1140 760 1371 814 relinqueret
1387 776 1487 815 quos
1499 766 1663 803 timeret.

27 809 29 823 '
59 831 114 857 aec
138 817 232 857 dum
247 830 387 871 magno
399 805 595 856 molimine
607 823 882 868 comparantur
897 841 911 861 ,
934 813 1078 853 Surena
1087 814 1252 855 hostium
1266 817 1348 857 dux
1355 819 1534 871 jumenta
1549 819 1663 860 ador-

56 885 73 911 s
85 898 98 917 ,
128 886 215 925 quae
225 873 264 912 in
274 873 368 912 lucis
380 871 610 926 palmaribus
622 868 871 910 vescebantur
883 896 896 916 ‚
920 869 942 908 ὲ
954 869 1180 910 cohortibus
1193 871 1327 913 nostris
1340 874 1556 926 repulsoriis
1568 888 1660 915 curn

39 940 222 966 ancorum
235 928 355 967 exitio
368 927 517 967 habitus
528 925 666 966 frustra
676 923 853 966 discessit.
887 924 940 965 Et
971 926 988 952 b
1007 926 1171 966 duarum
1181 928 1316 968 incolae
1329 930 1550 977 civitatum,
1563 943 1660 984 quas

33 995 135 1022 mnes
144 982 313 1038 amplexi
325 981 473 1023 faciunt
484 983 619 1022 insulas
628 1010 639 1029 ,
653 983 772 1036 parva
784 980 842 1021 sui
855 979 1000 1021 fiducia
1013 983 1156 1035 trepidi
1166 984 1217 1024 ad
1234 984 1501 1038 Ctesiphontis
1514 988 1660 1027 moenia

57 1038 301 1078 contulerunt
314 1053 322 1078 :
336 1052 420 1092 pars
432 1053 499 1093 per
511 1038 687 1079 silvarum
700 1037 835 1084 densa;
859 1036 923 1077 alii
938 1050 1006 1090 per
1018 1037 1178 1092 paludes
1191 1040 1334 1081 vicinas
1346 1041 1462 1082 alveis
1476 1041 1660 1083 arborum

0 1129 4 1134 .
54 1104 229 1134 vatarum
255 1095 397 1135 inveffi
408 1121 419 1139 ‚
444 1095 495 1134 ad
514 1095 671 1134 unicum
694 1093 881 1133 auxilium
892 1096 930 1133 &
945 1092 1187 1146 potiffimum
1199 1096 1341 1136 itineris
1355 1096 1464 1151 longi
1476 1098 1585 1150 quod
1599 1097 1659 1139 su-

0 1166 6 1192 ι
40 1159 158 1189 ererat
171 1149 408 1197 dilabuntur,
419 1150 601 1191 ulteriora
612 1149 774 1204 petituri
785 1160 981 1188 terrarum.
1000 1149 1034 1189 E
1046 1150 1188 1203 quibus
1211 1151 1417 1191 refistentes
1429 1152 1579 1206 aliquos
1591 1168 1659 1194 no-

0 1219 7 1246 :
41 1205 72 1244 ri
82 1204 220 1244 milites
232 1206 493 1245 trucidabant:
521 1206 592 1259 ipsi
603 1219 765 1259 quoque
776 1205 951 1245 lintribus
963 1208 1002 1245 ὃς
1016 1205 1164 1261 cymbis
1183 1221 1253 1261 per
1263 1207 1366 1247 varia
1376 1206 1629 1249 discurrentes
1639 1236 1654 1257 ,

0 1280 2 1287 v
56 1260 188 1314 ptivos
213 1260 307 1301 alios
329 1260 487 1301 subinde
508 1261 782 1316 perducebant.
819 1260 869 1300 Id
883 1261 983 1301 enim
997 1272 1077 1301 erat
1093 1261 1229 1302 librata
1238 1263 1385 1302 ratione
1400 1263 1627 1316 dispositum
1641 1292 1654 1313 ,

58 1315 154 1356 dum
165 1317 289 1370 copiae
302 1316 490 1369 pedestres
508 1331 638 1357 muros
650 1326 883 1370 oppugnant
896 1343 909 1363 ,
938 1315 1129 1369 equestres
1141 1319 1278 1357 'turmae
1292 1317 1423 1358 divisae
1436 1331 1503 1371 per
1515 1319 1656 1373 globos

57 1371 203 1422 igendis
213 1371 418 1412 infisterent
431 1373 580 1426 praedis:
593 1372 750 1425 hocque
760 1370 916 1425 proviso
927 1398 940 1418 ‚
951 1371 1057 1411 nullo
1070 1372 1367 1425 provincialium
1390 1374 1532 1414 damno
1545 1375 1656 1419 miles

37 1417 207 1466 isceribus
218 1425 384 1467 hostium
399 1427 632 1481 pascebatur.
662 1427 834 1482 Jamque
846 1427 1065 1480 Imperator
1077 1428 1194 1467 muris
1208 1428 1430 1482 duplicibus
1442 1431 1653 1483 oppidum,

0 1483 26 1522 i·
54 1481 142 1522 dine
155 1483 436 1523 circumdatum
448 1484 549 1523 trino
559 1483 755 1522 scutorum
771 1508 783 1528 ,
806 1481 871 1535 spe
883 1483 1061 1536 patrandi
1072 1483 1218 1537 incepti
1229 1486 1408 1524 maximis
1421 1486 1564 1525 viribus
1577 1501 1654 1541 op-

0 1550 9 1577 =
59 1537 290 1592 gnabat.Sed
300 1548 344 1578 ut
355 1548 435 1577 erat
444 1539 663 1578 necessarius
676 1538 943 1590 appetitus‚ita
954 1536 1094 1577 effeetu
1104 1550 1161 1576 res
1172 1537 1413 1579 difficillima:
1430 1554 1516 1579 nam
1529 1542 1657 1581 acces--

0 1607 12 1631 t
48 1596 62 1633 s'
75 1592 248 1646 undique
260 1593 419 1647 rupibus
432 1592 603 1634 anfratru
620 1591 774 1631 celsiore
784 1590 940 1630 disciffis
951 1618 963 1638 ‚
993 1591 1250 1646 flexuosisque
1260 1595 1396 1634 exceffi
1405 1595 1472 1636 bus
1486 1623 1498 1642 ,
1521 1597 1574 1636 ob
1586 1611 1653 1650 pe-

2 1664 6 1685 :
59 1648 163 1688 ulum
176 1662 314 1703 anceps
323 1648 489 1688 adeundi
499 1649 654 1702 copiam
666 1646 902 1701 denegabat:
917 1647 1088 1687 maxime
1099 1648 1188 1688 cum
1204 1659 1218 1676 ε
1244 1659 1366 1690 turres
1380 1652 1599 1692 celebritate
1610 1657 1651 1693 Sc

5 1721 10 1741 ι
41 1703 206 1743 titudine
215 1704 468 1744 formidandae
482 1731 495 1750 ,
512 1714 686 1743 montem
702 1703 856 1742 saxeum
867 1704 961 1743 arcis
975 1704 1196 1747 naturaliter
1204 1705 1354 1746 editum
1368 1708 1572 1761 aequabant
1584 1736 1595 1755 ‚
1609 1713 1649 1749 δε

53 1757 189 1798 oclivis
209 1759 383 1812 planities
404 1760 552 1800 flumini
575 1759 777 1799 imminens
791 1758 1177 1812 propugnaculorum
1189 1759 1372 1802 firmitate
1394 1764 1647 1806 muniebatur.

0 1827 9 1850 ς.
43 1813 224 1853 ccedebat
233 1813 293 1854 his
304 1814 408 1855 haud
417 1814 535 1856 levius
547 1815 691 1856 malum
706 1843 718 1861 ,
744 1814 856 1868 quod
867 1814 965 1854 lectra
979 1827 1112 1854 manus
1122 1819 1158 1856 &
1171 1816 1329 1869 copiosa
1343 1832 1430 1872 quae
1450 1818 1652 1860 obsideba-

7 1894 22 1910 ι.
51 1869 194 1916 r‚nullis
203 1870 251 1909 ad
261 1868 492 1911 deditionem
503 1871 685 1912 illecebris
695 1869 998 1916 ssestebatur‚sed
1009 1881 1208 1925 tamquam
1221 1871 1442 1925 superatura
1453 1876 1514 1914 vel
1524 1876 1653 1919 devo-‚

4 1960 7 1962 .
57 1924 245 1965 cineribus
256 1926 403 1980 patriae,
416 1925 601 1968 resistebat
612 1925 878 1981 adverfis.Jam
890 1926 992 1980 aegre
1005 1927 1262 1967 retentabatur
1273 1927 1436 1970 inferens
1448 1931 1485 1970 se
1497 1943 1651 1984 proter->

3 2013 10 2018 .
46 1980 86 2021 ils
96 1980 258 2029 miles,&
275 1994 450 2037 pugnam
459 1982 521 2023 vel
531 1996 646 2037 aequo
658 1980 988 2037 campojustoque
1000 1982 1143 2037 proelio
1158 1982 1318 2037 poscens
1339 1999 1346 2023 :
1362 1998 1532 2040 cumque
1544 2002 1646 2028 rece.

78 2069 248 2106 ahaja-tio.
833 2079 891 2101 tum
900 2073 1007 2100 alteram
1017 2074 1112 2101 dietam
1119 2084 1152 2102 ex
1164 2074 1275 2102 Zofimo
1285 2075 1380 2104 stImus
1390 2077 1431 2104 lib.
1442 2087 1495 2105 ιιι.
1515 2078 1592 2107 Idem.
1645 2091 1649 2095 ·

87 2108 91 2114 ¹
118 2108 122 2115 ⁵
159 2138 163 2142 -
179 2135 183 2137 ι
238 2133 241 2137 ,
871 2109 905 2144 [c
926 2112 1016 2138 Turres
1023 2109 1536 2150 crebritate&altitudinefh7¹m1'dandae.]
1560 2117 1591 2143 In
1599 2126 1648 2144 co·-

78 2135 174 2179 Snfflpt
181 2134 214 2162 ab
221 2136 419 2174 hosteprostrata,
429 2138 504 2178 lym]
518 2143 610 2170 Livius
619 2144 662 2170 lib.
671 2152 702 2169 vr
711 2153 731 2170 1.
740 2145 806 2171 Luc.
828 2145 884 2174 dice
898 2146 1060 2174 Colbertino
1076 2148 1173 2183 legitur
1184 2148 1310 2183 scriptum
1327 2159 1333 2176 :
1352 2153 1440 2176 Turres
1451 2150 1593 2179 celebritate
1607 2150 1643 2183 ὠ·

60 2171 153 2214 rushb.
162 2181 237 2216 neap.
249 2175 383 2217 ⁴13'.Vale1·.
395 2177 525 2204 Maximus
534 2178 577 2206 lib.
589 2188 598 2205 1
607 2188 642 2206 n.
651 2188 704 2215 cap.
713 2188 738 2206 2.
748 2182 804 2209 Au·
830 2182 984 2219 alt.fhrmid.
995 2184 1230 2218 Qemadmodum
1240 2187 1266 2212 in
1277 2186 1494 2214 veteribuslibris
1504 2188 1563 2215 Mff.
1575 2191 1642 2216 Am-

0 2214 13 2231 t·
62 2206 394 2254 y1&orde=Y1risillustrib-
402 2222 453 2247 cap.
463 2216 505 2241 28.
520 2223 561 2248 29.
582 2214 717 2243 Lindenbr.
828 2221 906 2246 miani
915 2219 1046 2254 scriptum
1057 2221 1082 2247 fe
1099 2221 1222 2256 reperisse
1231 2225 1335 2249 notavit
1346 2225 1371 2250 &
1389 2223 1510 2251 Pithoeus
1524 2224 1555 2251 ad
1565 2234 1642 2254 oram

73 2246 184 2278 Duarum
190 2245 269 2286 mcolae
275 2253 436 2286 myrtatum]
446 2272 447 2275 ,
456 2251 591 2289 Bezuchin
605 2252 700 2282 harum
711 2254 801 2294 civitag
811 2279 813 2283 Α
825 2255 884 2284 libri
892 2256 940 2284 sui.
962 2257 1032 2288 Qae
1053 2257 1122 2286 haud
1137 2256 1214 2287 dubii:
1230 2267 1290 2287 vera
1297 2259 1435 2297 probaque
1449 2260 1487 2289 est
1501 2260 1648 2299 scriptura:

42 2284 47 2346 3
975 2293 1048 2337 111
