2007 2658
851 53 1002 98 ‹DE
1061 53 1297 97 VITA

262 161 346 184 rum:
369 145 460 180 scd&
472 142 551 178 libro
563 154 614 178 xv.
637 142 675 178 de
683 140 739 177 illo
751 142 933 191 scripturus,
956 144 992 180 ab
1003 144 1059 180 hac
1085 143 1262 193 praefatione
1273 150 1337 180 non
1359 142 1510 179 abstinet:
1532 142 1631 191 Maj'us
1640 154 1705 191 opus
1723 141 1843 187 moveo}
1861 144 1928 182 mat

259 196 366 244 jdrque
377 206 475 230 rerum
495 194 564 228 mihi
576 192 702 239 nascitur
721 194 799 229 ordo.
828 192 930 229 Falsos
940 195 1033 230 etiam
1043 195 1082 230 de
1091 207 1128 229 eo
1140 207 1280 230 rumores
1292 194 1451 243 coarguit,
1472 195 1507 230 &
1518 194 1555 228 ab
1566 193 1715 242 improbo
1735 194 1928 244 magicarum

264 246 373 280 artium
384 256 419 279 ac
441 242 599 278 divinandi
611 241 709 277 studio
730 264 739 281 ‚
767 243 848 290 quod
871 243 897 277 ei
912 254 1017 280 tamen
1039 257 1181 293 proceres
1193 243 1305 279 nostrae
1317 245 1472 293 religionis
1492 243 1647 283 tribuunt,
1660 241 1760 292 ipsum
1780 243 1930 284 defendit.

265 297 421 343 Atneque
432 303 593 341 propterea
604 291 750 326 libertatis
764 296 796 326 &
816 293 1011 341 ingenuitatis
1032 293 1239 329 obliviscitur:
1254 293 1440 342 quinimmo
1461 293 1595 328 candido
1617 294 1652 329 ὅ(
1671 302 1778 342 aperto
1800 294 1930 342 pestore

264 344 399 393 pluribus
410 343 487 377 locis
498 340 712 380 timiditatem,
726 341 986 382 ostentationem,
999 344 1176 382 levitatem,
1201 344 1390 383 vanitatem,
1414 342 1685 378 dissimulationem
1697 343 1931 384 ‚acerbitatem,

263 394 469 429 temeritatem
489 415 500 431 ‚
521 391 746 440 malignitatem
766 391 941 441 reliquaque
959 393 1052 433 vitia,
1078 405 1210 441 quorum
1230 402 1319 439 caput
1337 403 1400 427 erat
1429 392 1602 441 ‹Apostafia
1622 394 1657 429 δε
1679 391 1930 429 Christianorum

266 443 375 478 odium
387 464 397 481 ,
414 439 576 476 inseetatur
587 465 596 481 ,
610 451 701 488 atque
713 452 745 475 ut
755 442 818 486 ejus
829 442 925 476 verbo
936 452 1000 476 utar
1011 465 1020 481 ,
1036 444 1132 479 vellit.
1161 441 1314 491 Qamvis
1324 442 1414 490 igitur
1427 441 1464 476 de
1473 442 1594 486 Juliano
1605 441 1754 490 scripserit
1764 442 1853 477 initio
1864 442 1933 478 libri

265 504 336 528 xv1.
363 491 516 537 Qidquid
525 492 560 524 de
571 504 602 525 eo
612 491 780 524 narrabitur
797 493 870 536 quod
881 504 934 525 non
949 491 1065 538 falfiias
1078 502 1183 540 arguta
1207 493 1375 530 concinnat,
1398 491 1444 536 (ed
1452 492 1529 538 fides
1553 493 1664 539 integra
1677 503 1773 526 rerum
1783 491 1903 538 absolvit
1913 514 1925 531 ‚

266 543 440 579 documentis
449 541 621 576 evidentibus
635 537 717 584 fulta
731 562 740 578 ‚
760 540 797 573 ad
808 541 1078 586 laudativampaene
1099 543 1254 576 materiam
1262 541 1426 587 pertinebit.
1453 542 1581 576 Tamen
1592 553 1658 575 non
1680 539 1844 589 ignorabat
1856 540 1930 590 quid

266 587 483 639 quantumque
495 587 678 637 discreparet
697 588 733 622 ab
744 591 869 623 encomio
881 588 997 636 historia
1012 604 1019 623 :
1032 602 1098 637 quae
1110 591 1152 627 Alf
1165 589 1230 638 2132
1241 593 1342 624 πασῶν
1363 588 1443 623 inter
1457 589 1487 623 se
1497 589 1616 626 differre
1629 590 1786 624 Lucianus
1796 588 1857 624 ait:
1881 587 1931 624 sed

267 639 330 675 hoc
345 638 464 680 voluit,
492 650 605 673 omnes
627 638 696 673 vita:
718 636 829 684 Juliani
844 648 962 685 partes,
984 642 1017 673 &
1040 649 1198 687 tamquam
1219 639 1390 685 aetuspaene
1407 639 1458 686 effe
1476 640 1647 676 laudabiles.
1667 638 1774 675 Munit
1791 638 1877 674 enirn
1903 636 1934 674 se

266 688 402 724 studiose
415 687 561 735 particula'i
575 687 733 722 minuente
744 715 751 727 ‚
776 700 815 721 ne
827 688 857 722 in
869 688 1049 723 encomium
1061 699 1179 724 tantum
1203 698 1214 734 (
1228 687 1310 737 quod
1326 686 1380 722 nisi
1391 687 1518 723 veritate
1531 698 1664 737 cogente
1676 711 1686 728 ‚
1708 687 1856 725 Historiae
1865 700 1934 724 non

266 738 309 773 est
321 736 551 772 admiscendum
562 739 574 777 )
603 737 662 771 labi
677 736 837 772 videretur,
863 737 959 783 quue
970 738 1045 773 cum
1054 749 1124 773 toto
1139 739 1248 786 Opere
1259 747 1402 784 apparet3
1415 746 1481 771 turn
1494 736 1633 772 maxime
1645 749 1682 771 ex
1696 749 1730 772 ea
1741 761 1752 778 ‚
1773 750 1865 787 quarn
1875 749 1934 786 pro

267 788 391 834 Juliano
411 798 476 821 non
494 784 619 825 solum,
640 783 688 820 sed
707 785 800 820 etiam
825 799 882 834 pro
901 785 1049 822 defuneto
1072 788 1210 835 quolibet
1233 787 1376 834 Principe
1395 785 1539 828 instituit,
1562 784 1710 823 virtutum
1733 799 1768 822 ac
1788 787 1936 823 vitiorum

267 834 513 884 anacephalaeosi
526 850 533 871 :
556 836 587 870 in
598 848 655 883 qua
664 847 698 869 ea
710 835 843 870 brevitet
857 835 1019 883 aliquando
1041 835 1216 886 perstringit
1228 859 1239 876 ,
1251 848 1317 884 quae
1331 837 1361 869 in
1373 848 1472 870 rerum
1493 835 1648 885 gestarum
1667 835 1844 872 narratione
1855 846 1938 872 tam-

268 899 361 934 quam
374 885 540 920 minutiora
550 883 704 920 omiserat.
727 883 892 920 Diffimilis
903 885 975 920 sane
985 888 1094 932 Zofimo
1105 887 1146 921 illi
1161 883 1452 921 maledicentiffimo
1465 885 1613 933 Scriptori
1625 887 1658 919 δε
1677 885 1848 934 nigerrimo
1858 908 1868 925 ‚
1883 897 1938 920 cu·

268 937 316 983 jus
335 934 567 970 amarulentia‘m
579 957 589 973 ‚
601 937 634 969 δε
647 934 769 968 latratus
780 933 810 969 in
831 935 898 982 pios
910 935 1067 983 Principes
1079 959 1089 974 ‚
1112 935 1347 980 Constantinum,
1373 937 1405 968 &
1424 936 1607 982 Theodofium
1619 957 1629 974 ‚
1650 944 1683 969 ut
1707 933 1891 970 Christianae
1904 937 1938 970 δε

270 984 401 1034 purioris
414 982 503 1018 [ἐᾶτε
516 994 665 1030 patronos
677 1006 686 1023 ‚
706 996 802 1018 nemo
825 997 972 1031 umquam
984 986 1049 1030 jure
1068 984 1267 1020 excusaverit.
1606 1010 1607 1013 η

318 1037 403 1069 Inter
415 1045 531 1081 paucos
549 1033 642 1082 igitur
653 1032 789 1067 lec-tione
797 1034 860 1082 jugi
873 1033 982 1082 dignus
993 1033 1036 1068 est
1049 1036 1238 1069 Marcellinus
1250 1056 1258 1071 ‚
1281 1034 1349 1082 quia
1372 1041 1426 1075 (ut
1445 1032 1483 1067 ab
1504 1033 1569 1076 ejus
1581 1031 1709 1081 persona
1723 1033 1758 1067 acl
1770 1044 1817 1067 res
1828 1029 1940 1067 descri-

270 1093 339 1132 ptas
348 1082 521 1122 transeam)
535 1093 713 1130 temporum
725 1082 849 1116 illorum
862 1106 871 1121 ‚
883 1083 990 1130 quibus
1010 1096 1056 1117 res
1080 1082 1253 1118 Christiana
1264 1082 1469 1118 invalescebat
1479 1104 1490 1121 ‚
1499 1080 1718 1130 insignemque
1732 1081 1815 1130 Reip
1838 1091 1938 1117 muta-

268 1134 391 1167 tionem
412 1129 585 1169 adferebat,
613 1132 829 1179 cognitionem
853 1131 1074 1167 nobilissimam
1097 1137 1127 1168 &
1148 1131 1360 1182 digniffimam
1381 1130 1589 1180 repraesentat.
1616 1129 1715 1165 Certe
1736 1131 1766 1164 in
1790 1130 1939 1179 plerisque

268 1179 508 1217 Historiaeillius
529 1179 660 1227 partibus
679 1179 831 1229 insignem
844 1181 916 1215 licet
937 1182 1000 1216 Dei
1012 1182 1238 1228 providentiam
1264 1181 1423 1224 admirari,
1445 1180 1580 1229 quipost
1590 1181 1706 1214 laxatas
1723 1178 1873 1215 sceleratis
1885 1180 1939 1215 ha-

269 1230 364 1266 benas
376 1252 386 1269 ‚
398 1227 468 1276 post
483 1228 633 1264 effrenem
652 1228 780 1264 honesta
799 1230 905 1264 omnia
918 1231 1110 1278 pervertendi
1130 1231 1287 1266 licentiam
1298 1260 1307 1272 ‚
1323 1230 1449 1265 tandem
1461 1229 1500 1264 de
1509 1230 1546 1265 iis
1567 1229 1686 1265 debitas
1707 1229 1804 1278 exigit
1814 1241 1939 1277 poenas.

270 1279 320 1314 Sic
335 1280 439 1313 Paulus
459 1278 529 1317 ille,
550 1278 587 1312 ab
610 1279 899 1325 complicandorum
919 1280 1118 1329 negotiorum
1138 1279 1283 1316 industria
1294 1281 1415 1315 Catena
1431 1279 1551 1319 ἀίἃυε,
1578 1289 1723 1313 tartareus
1732 1278 1871 1321 delator3
1898 1277 1938 1313 fic

269 1329 451 1364 Maximinus
463 1325 614 1374 utriusque
628 1326 819 1362 Praefe&urae
831 1329 961 1363 obtentu
970 1330 1003 1364 in
1024 1331 1112 1365 omni
1125 1330 1323 1379 malignitatis
1345 1334 1376 1364 &
1389 1329 1572 1365 crudelitatis
1584 1339 1699 1377 genere
1707 1330 1861 1363 volutatus
1872 1351 1882 1368 ‚
1903 1328 1939 1364 &

269 1377 360 1411 turbo
381 1374 480 1410 feralis
501 1385 693 1423 nuncupatus
707 1375 768 1420 3sic
789 1378 1020 1425 Doryphorianus
1033 1401 1042 1417 ‚
1055 1381 1221 1418 Palladius,
1249 1381 1393 1424 Remigius
1406 1401 1416 1418 ‚
1437 1377 1551 1426 aliique
1569 1378 1716 1413 scelerum
1738 1378 1938 1416 inventores,

271 1438 307 1460 ac
318 1423 447 1459 ministri
459 1424 691 1469 administrique
701 1447 710 1462 ,
734 1425 783 1460 ubi
796 1426 978 1472 aliquamdiu
1001 1427 1130 1476 impune
1139 1428 1171 1462 in
1182 1428 1280 1463 libero
1290 1427 1415 1462 malitiae
1428 1439 1542 1475 campo
1556 1425 1760 1467 exsultarunt,
1787 1439 1820 1461 ac
1833 1426 1938 1461 bono-

271 1487 340 1510 rum
351 1472 502 1519 capitibus
514 1474 546 1506 &
557 1470 832 1508 existimationibus
843 1473 998 1508 illuserunt
1019 1490 1027 1510 :
1052 1477 1179 1511 tandem
1191 1475 1364 1524 supervenit
1383 1476 1462 1523 pede
1473 1488 1569 1523 poena
1581 1476 1689 1510 claudo
1701 1498 1711 1514 ,
1731 1488 1798 1524 quae
1809 1475 1938 1525 dignum

272 1521 425 1558 cruciariis
444 1521 560 1555 exitum
581 1521 744 1567 rependit,
767 1532 855 1557 tanto
876 1522 1079 1565 severiorem,
1104 1534 1221 1573 quanto
1239 1525 1415 1560 lentiorem.
1442 1523 1654 1571 Suppeditabit
1672 1535 1853 1572 argumenta
1870 1522 1940 1560 'non

273 1583 370 1620 pauca
380 1571 447 1606 viro
459 1571 511 1616 pio
534 1572 724 1611 Ammianus,
746 1572 852 1618 quibus
872 1572 1081 1608 Ecclesiastica
1103 1584 1245 1621 tempora
1265 1572 1448 1614 constituat,
1471 1573 1671 1621 maximeque
1689 1573 1775 1607 Sedis
1798 1571 1942 1618 Aposto-

273 1622 341 1656 licae
351 1620 565 1655 austeritatem
578 1631 615 1653 ex
627 1630 666 1652 eo
675 1617 820 1654 adfirmet
832 1648 839 1660 ‚
854 1621 934 1668 quod
950 1621 1129 1669 Constantius
1139 1626 1332 1670 Imperator,
1354 1621 1423 1670 post
1435 1621 1614 1657 damnatum
1637 1624 1669 1656 &
1684 1620 1751 1656 sede
1761 1620 1939 1670 Episcopali

272 1669 428 1716 dejeetum
443 1667 639 1714 Athanafium,
651 1668 698 1702 cui
709 1678 866 1716 tamquam
884 1670 1005 1704 Arianis
1016 1670 1164 1706 addietior
1175 1671 1294 1719 semper
1305 1670 1360 1706 fuit
1370 1669 1494 1706 infestus
1515 1685 1523 1706 :
1545 1671 1659 1707 curavit
1669 1670 1815 1706 omnibus
1835 1671 1940 1706 modis

273 1732 308 1755 ac
320 1719 412 1754 minis
425 1719 570 1753 Liberium
581 1718 766 1754 Romanum
778 1728 851 1753 tunc
864 1718 1053 1756 Pontificem
1064 1720 1256 1756 damnationi
1266 1721 1330 1766 ejus
1340 1743 1349 1760 ‚
1376 1723 1409 1755 &
1424 1721 1548 1756 Arianae
1569 1721 1726 1756 sententia:
1744 1719 1941 1757 subscribere.

276 1771 365 1804 Nam
374 1778 407 1802 ut
427 1766 626 1803 Marcellinus
646 1768 814 1804 aitlib.xV.
841 1771 1038 1809 Audieritate,
1063 1783 1122 1817 qua
1141 1773 1265 1817 potiores
1288 1781 1392 1805 aterna
1410 1770 1484 1804 urbis
1505 1770 1652 1818 Episcopi,
1668 1769 1784 1816 firmari
1806 1770 1939 1817 desiderio

275 1818 420 1852 nitebatur
441 1817 574 1850 ardenti:
595 1816 679 1863 quod
696 1830 733 1851 an
747 1817 884 1853 §tiberio
903 1818 1073 1865 impetrarit
1093 1818 1296 1855 Constantius
1308 1841 1317 1857 ‚
1338 1817 1509 1854 videbimus
1527 1819 1559 1854 in
1580 1817 1725 1854 Scholiis.
1749 1819 1794 1854 Et
1811 1817 1937 1868 quidem

275 1868 396 1916 Juliani
410 1867 560 1914 praeclarae
573 1864 661 1899 dotes
673 1876 889 1914 proponuntur
899 1895 907 1907 ‚
935 1868 1028 1904 bonis
1039 1870 1131 1904 etiam
1143 1867 1335 1916 Principibus
1347 1867 1526 1902 oemulandae
1537 1891 1546 1908 ‚
1569 1880 1641 1918 quas
1655 1867 1771 1902 utinam
1785 1866 1940 1915 apostasiae

274 1914 454 1951 detestando
466 1913 576 1948 scelere
585 1926 650 1948 non
662 1915 834 1951 maculasset
850 1919 856 1953 !
881 1916 961 1966 quod
973 1917 1044 1952 ideo
1056 1918 1088 1952 in
1101 1929 1140 1951 eo
1152 1917 1249 1967 magis
1260 1917 1372 1952 mirum
1383 1945 1391 1959 ‚
1421 1917 1490 1966 quia
1501 1920 1603 1953 vinum
1617 1921 1630 1961 (
1641 1916 1738 1964 inquit
1748 1916 1875 1965 divinus·
1885 1912 1940 1953 Sal

276 1966 384 2014 piens)
412 1965 449 2003 ά
470 1965 604 1998 mulieres
614 1963 738 2008 faciunt
757 1964 913 2012 apostatare
932 1968 1058 2001 homines
1070 1967 1090 2001 ὰ
1112 1973 1191 2010 Deo3
1219 1966 1267 2002 sed
1279 1978 1384 2002 tamen
1394 1965 1445 2001 hic
1458 1968 1493 2003 &
1505 1966 1622 2007 castus,
1637 1965 1798 2002 &sobrius
1815 1967 1847 2001 in
1859 1966 1938 2003 aliud

278 2015 386 2049 vitium
398 2013 544 2051 incurrit,
567 2015 637 2046 mali
648 2017 728 2049 corvi
742 2013 854 2049 scilicet
865 2016 976 2050 malum
988 2027 1073 2050 orum
1088 2030 1096 2050 :
1110 2028 1181 2051 nam
1203 2017 1241 2052 ab
1253 2017 1370 2063 Eusebio
1382 2017 1594 2064 Nicomedienst
1605 2038 1615 2056 ,
1637 2016 1756 2050 Ariano
1766 2015 1915 2064 improbo
1926 2039 1937 2057 ,

279 2067 311 2099 &
326 2062 443 2097 eximio
453 2060 671 2097 diffimulatore
682 2060 775 2098 fuerat
794 2064 870 2099 olim
889 2063 1050 2101 institutus.
1076 2067 1152 2100 Hoc
1163 2066 1253 2115 igitur
1264 2065 1379 2101 crimen
1393 2066 1580 2102 horrendum
1592 2089 1603 2106 ‚
1623 2074 1694 2099 toto
1714 2075 1827 2100 conatu
1838 2065 1938 2102 vitan-

278 2113 352 2148 dum
364 2111 585 2161 &fugiendum
599 2111 812 2160 Principibus:
832 2113 977 2150 sobrietas
987 2137 996 2153 ‚
1016 2113 1132 2150 castitas
1143 2144 1152 2158 ,
1175 2115 1249 2150 reffl
1261 2117 1295 2152 δ(
1308 2116 1384 2163 aequi
1395 2115 1526 2152 studium
1539 2143 1547 2157 ,
1563 2114 1790 2163 provinciarum
1802 2127 1891 2151 amor
1902 2118 1936 2153 ἃ

277 2162 405 2200 caritas,
426 2161 498 2196 belli
520 2159 659 2208 pacisque
677 2158 789 2202 studia,
810 2175 936 2213 quaeque
961 2164 1016 2199 alia
1027 2165 1058 2199 in
1070 2165 1132 2201 vita
1143 2165 1206 2201 eius
1216 2166 1375 2201 laudabilia
1393 2164 1512 2202 fuerunt
1525 2189 1534 2206 ‚
1559 2164 1706 2201 imitanda
1728 2168 1760 2200 &
1781 2162 1933 2214 sequenda

276 2211 354 2248 sunt.
389 2213 471 2259 Qis
495 2210 579 2263 enim
607 2222 705 2259 regno
732 2223 821 2259 aptus
845 2216 876 2248 &
902 2213 1034 2263 imperio
1055 2243 1063 2256 ‚
1100 2228 1169 2250 non
1197 2216 1283 2250 malit
1308 2217 1435 2265 Juliano
1454 2245 1463 2258 ,
1487 2216 1580 2265 quarn
1599 2217 1806 2252 Valentiniano
1826 2211 1936 2251 saltem'

277 2261 309 2294 in
329 2272 367 2294 eo
387 2260 491 2296 similis
513 2259 572 2293 esse
590 2281 599 2298 ³
621 2260 706 2306 quod
730 2264 781 2298 ille
808 2279 825 2304 ,a
840 2264 988 2313 agnoscens
1012 2265 1162 2300 levitatem
1187 2267 1371 2301 commotioris
1400 2268 1507 2314 ingenii
1532 2266 1599 2314 sui,
1614 2264 1751 2311 Praefeffis
1780 2261 1936 2313 proximi‘s-

277 2320 330 2356 que
337 2312 524 2356 permittebat
532 2331 542 2348 ³
565 2318 597 2343 ut
601 2308 727 2356 fidenter
737 2316 856 2360 impetus
869 2313 934 2361 suos
944 2315 1063 2362 aliorsus
1073 2315 1215 2352 tendentes
1223 2343 1233 2358 ‚
1244 2316 1281 2350 ad
1292 2328 1350 2363 quae
1360 2317 1476 2352 decebat
1487 2318 1594 2352 monitu
1604 2323 1757 2363 opportuno
1759 2310 1932 2361 fremirent3

518 2381 535 2407 g
546 2373 654 2400 Libxxi
665 2385 671 2400 ι
684 2394 688 2398 .
