2007 2658
107 101 392 134 consnurmsauoss
400 101 535 129 ⁰²²³²¹¹⁰⁸‘
825 100 945 148 LlB.
954 99 1115 152 XVII.
1143 105 1289 154 CAP.
1306 107 1405 157 XII.
1617 127 1704 176 193

137 139 235 167 cereale
243 137 310 164 coff.
318 141 390 162 Anno
399 136 457 161 chr.
465 143 490 167 35
497 136 521 160 8.

9 217 10 224 ,
46 182 182 227 evasit:
218 194 298 236 quo
319 187 458 221 eventu
469 176 567 216 vires
582 176 623 216 δε
635 172 783 215 animos
794 174 977 216 incitante
988 203 999 221 ,
1025 177 1170 230 junctis
1181 179 1331 221 densius
1343 183 1471 224 cuneis
1483 184 1531 228 ad
1545 186 1709 241 Qado-

47 253 132 282 rum
146 251 262 294 regna
274 233 503 290 properabat
515 232 710 272 exercitus
728 245 736 270 ε
768 233 839 287 qui
850 245 899 272 ex
911 233 1110 287 praeterito
1123 234 1209 274 casu
1222 236 1485 289 impendentia
1496 241 1711 284 formidan-

45 307 103 337 tes
118 324 129 341 ,
160 292 332 350 rogaturi
355 288 578 343 suppliciter
601 299 737 342 pacem
764 314 776 334 ,
808 288 971 329 fidentes
990 290 1041 330 ad
1063 289 1255 344 Principis
1276 305 1410 334 venere
1431 296 1677 352 conspestum
1695 325 1708 344 ‚

10 349 12 404 l
43 359 61 378 v
76 365 166 408 erga
185 350 266 391 haec
283 352 321 389 &
332 345 465 386 fimilia
476 344 650 385 lenioris:
681 344 873 399 dffitoque
887 345 952 386 die
964 344 1172 387 statuendis
1193 348 1485 391 condicionibus
1502 381 1514 400 ‚
1549 363 1558 379 ¹
1573 355 1708 396 Zizais

11 408 12 435 ³
42 421 204 464 quoque
222 405 422 445 etiamtum
435 401 594 456 Regalis
606 428 619 448 ,
647 400 754 441 haud
766 402 876 455 parvi
891 404 1066 457 corporis
1068 403 1220 457 juvenis
1234 429 1246 450 ,
1271 405 1427 445 ordines
1447 407 1705 452 Sarmatarum

12 436 13 496 l
42 477 151 506 more
161 460 375 501 certaminis
387 456 567 498 instruxit
581 457 632 497 ad
643 470 775 512 preces
789 473 796 497 :
828 456 993 513 visoque
1003 459 1245 514 Imperatore
1257 461 1412 515 abjeffis
1424 465 1537 503 armis
1548 467 1705 518 pestore

13 529 14 583 l
40 529 128 560 toto
148 515 357 571 procubuit
377 514 563 556 exanimis
588 512 736 554 stratus.
778 514 830 554 Et
850 515 983 555 amisso
1002 517 1113 556 vocis
1134 515 1271 556 officio
1292 531 1371 572 prae
1396 518 1556 563 timore,
1590 530 1605 546 2
1618 534 1702 564 tum

43 574 134 616 cum
146 586 254 614 orare
263 571 422 613 deberet
436 598 450 619 ‚
481 572 664 625 majorem
689 569 988 612 misericordiam
1011 572 1139 614 movit
1153 600 1166 621 ‚
1195 584 1356 614 conatus
1373 574 1579 629 aliquoties
1592 604 1604 623 ,
1633 592 1704 631 pa-

35 631 198 685 rumque
212 656 225 678 ,
257 627 496 683 impediente
517 627 683 682 fingultu
696 653 708 674 ‚
741 626 942 681 permissus
957 629 1250 683 explicarequae
1263 630 1457 685 poscebat.
1486 632 1702 675 Recreatus

33 686 202 742 denique
220 686 378 726 tandem
391 716 402 734 ‚
430 682 630 738 jussusque
652 682 853 738 exsurgere
865 712 875 729 ‚
903 686 1063 739 genibus
1085 687 1198 726 nixus
1212 685 1280 726 usu
1292 687 1434 742 linguae
1446 701 1674 744 recuperato
1686 719 1700 738 ‚

33 741 316 784 concessionem
337 741 568 782 defletorum
588 738 656 779 fibi
675 739 792 779 tribui
813 738 1046 794 supplicavit
1072 745 1110 782 δε
1125 743 1294 783 veniam:
1325 745 1455 798 eoque
1475 745 1525 785 ad
1538 759 1700 799 precan-

31 799 128 841 dum
147 798 308 840 admiss‘a
326 796 570 843 multitudo,
599 796 707 848 cujus
719 809 787 835 ora
805 796 981 837 formido
993 808 1098 838 muta
1111 798 1314 840 claudebat
1326 828 1339 847 ‚
1368 801 1544 855 periculo
1567 802 1697 843 adhuc

35 855 308 910 praestantioris
331 852 537 908 ambiguo:
559 850 626 892 ubi
637 851 700 891 ille
710 851 794 892 solo
796 851 919 906 jussus
931 854 1087 901 attolli,
1117 856 1255 896 orandi
1271 855 1422 911 signum
1438 857 1698 912 exspefilmnti-

29 911 100 952 bus
111 912 180 952 diu
195 908 421 951 monstravit
432 935 445 956 ,
473 921 607 948 omnes
617 907 765 963 clypeis
776 907 939 964 telisque
950 911 1130 963 projeffis
1142 925 1275 953 manus
1287 914 1464 967 precibus
1476 915 1667 956 dederunt
1678 944 1692 964 ‚

27 967 140 1023 plura
149 967 416 1022 excogitantes
435 974 479 1005 ut
490 965 687 1006 vincerent
703 963 923 1006 humilitate
938 966 1183 1022 supplicandi
1195 969 1395 1024 Regalem.
1428 972 1607 1012 Duxerat
1620 986 1692 1026 po-

27 1023 106 1066 tior
128 1037 219 1065 cum
238 1024 373 1063 ceteris
394 1022 577 1063 Sarmatis
605 1022 720 1061 etiam
747 1022 1022 1071 ³Rumonem‚
1050 1027 1090 1064 ὃς
1111 1024 1346 1074 Zinafrum,
1375 1031 1415 1068 &
1439 1027 1692 1083 Fragiledum

29 1086 48 1106 Χ
59 1079 292 1135 Subregulos
303 1107 315 1126 ‚
338 1077 603 1133 plurimosque
614 1078 860 1132 Optimates‚
885 1093 977 1119 cum
987 1087 1005 1111 4
1016 1081 1250 1134 impetrandi
1264 1081 1329 1136 spe
1340 1082 1474 1123 similia
1486 1085 1690 1137 petituros.

15 1137 110 1188 'Qi
118 1136 210 1178 licet
219 1136 310 1176 elati
321 1133 464 1190 gaudio
475 1134 604 1175 salutis
617 1134 779 1175 indultae
791 1163 802 1180 ‚
831 1136 1110 1177 condicionum
1123 1137 1264 1177 sarcina
1276 1139 1524 1193 compensare
1535 1141 1692 1180 inimice

25 1190 128 1234 facta
151 1192 459 1248 pollicebantur,
485 1190 604 1245 seque
616 1204 705 1231 cum
714 1189 964 1232 facultatibus
985 1193 1457 1250 &liberissscconjugibus
1482 1198 1689 1237 terrarum-

25 1262 105 1304 que
117 1248 268 1292 suarum
278 1248 448 1292 ambitu,
480 1247 674 1288 Romanae
696 1248 883 1302 potentiae
896 1248 1057 1290 libenter
1072 1249 1299 1291 sofferrent:
1331 1252 1535 1306 praevaluit
1557 1263 1688 1294 tamen

27 1304 580 1360 aequitatijun&abenignitas:
604 1302 964 1358 jussiqueobtinere
974 1304 1079 1347 sedes
1091 1307 1281 1360 impavidi
1296 1334 1310 1354 ‚
1336 1307 1485 1347 nostros
1507 1309 1690 1349 reddide-

28 1375 61 1402 :e
78 1362 270 1417 captivos.
310 1361 596 1413 Duxeruntque
614 1359 765 1400 obfides
787 1359 1002 1413 postulatos
1026 1389 1037 1406 ‚
1073 1366 1111 1401 &
1134 1361 1291 1401 obedire
1318 1364 1524 1418 praeceptis
1544 1364 1686 1406 deinde

30 1416 308 1472 bromptiffime
328 1415 635 1470 spoponderunt.
675 1415 874 1455 Hortante
886 1415 962 1456 hoc
983 1417 1166 1472 exemplo
1181 1418 1394 1459 clementiae
1406 1447 1419 1467 ,
1449 1420 1682 1462 advolarunt

32 1468 185 1528 Regales
201 1486 291 1523 cum
307 1471 380 1512 suis
400 1471 578 1511 omnibus
590 1470 795 1511 Araharius
817 1475 856 1511 ὃς
872 1471 1011 1512 Usafer
1023 1501 1035 1521 ,
1063 1474 1162 1513 inter
1182 1474 1408 1526 Optimates
1424 1476 1654 1517 excellentes
1668 1506 1683 1526 ,

32 1530 214 1585 [gminum
226 1528 425 1584 gentilium
439 1527 558 1567 duces
572 1553 586 1573 ,
616 1540 784 1581 quorum
796 1527 892 1567 alter
901 1526 918 1551 ⁶
928 1527 1321 1583 Transjugitanorum
1335 1539 1348 1562 7
1361 1532 1675 1588 Qiadorumque

11 1589 16 1623 ἕ
33 1586 118 1626 >arti
133 1612 147 1634 ,
174 1584 269 1625 alter
278 1582 508 1639 quibusdam
521 1582 702 1623 Sarmatis
712 1592 873 1636 praeerat
884 1613 896 1631 ,
924 1583 1103 1624 locorum
1115 1584 1293 1625 confiniis
1307 1589 1346 1626 ὃς
1358 1585 1511 1628 feritate
1515 1589 1678 1642 jnnffis-

26 1632 136 1682 ‘imisz
167 1649 185 1677 Υ
201 1653 371 1696 quorum
390 1637 544 1694 plebem
554 1639 698 1679 veritus
719 1638 938 1694 Imperator
953 1667 966 1687 ,
994 1655 1041 1681 ne
1051 1640 1162 1681 ferire
1175 1639 1326 1682 foedera
1337 1642 1515 1684 simulans
1525 1673 1537 1692 ,
1566 1646 1604 1685 in
1616 1661 1675 1686 ar-

15 1728 17 1730 f
34 1710 80 1738 na
101 1697 256 1752 repente
273 1695 540 1752 consurgerem
569 1694 736 1735 discreto
758 1696 978 1745 consortio,
1007 1711 1083 1752 pro
1103 1698 1286 1738 Sarmatis
1307 1699 1547 1741 obsecrantes
1563 1701 1674 1756 jussit

57 1798 68 1816 ι
91 1788 173 1824 steph.
187 1788 269 1817 modo
287 1788 375 1817 Zizais
390 1795 509 1824 quoque.
546 1794 563 1812 2
582 1785 664 1822 Steph.
679 1786 743 1814 dum
757 1796 828 1815 eum.
858 1786 920 1823 post
937 1790 1015 1816 etiam
1024 1789 1161 1817 emendavi
1170 1800 1176 1815 :
1197 1793 1315 1819 Duxerat
1323 1794 1405 1827 potior
1412 1802 1466 1820 cum
1475 1795 1563 1820 ceteris
1570 1796 1676 1821 Sarma-

54 1824 102 1862 Ms
114 1827 274 1854 Rumorem.
310 1834 328 1857 4
346 1823 394 1860 MJT
408 1823 568 1860 impetrandi
584 1823 672 1860 specie.
713 1833 726 1855 5
747 1824 830 1860 Steph.
858 1827 910 1852 tis:
930 1826 1064 1862 ubivulgo
1073 1827 1209 1862 legebatur
1218 1831 1336 1856 armatis.
1354 1829 1436 1856 Idem.

39 1860 160 1892 fferrent.
200 1864 216 1889 6
237 1862 284 1899 Mfi
299 1861 581 1898 Transfugitanorum.
621 1869 635 1894 7
656 1862 682 1887 τὸ
698 1870 753 1898 que
767 1860 830 1897 deest
896 1872 914 1889 x
934 1862 1110 1901 Subregulos]
1133 1863 1273 1899 Subreguli
1282 1864 1345 1893 sunt
1353 1868 1456 1902 Reges,
1476 1869 1522 1902 qui
1533 1870 1675 1902 potentio-

37 1898 53 1927 Ι,
859 1900 931 1927 ribus
945 1900 1062 1935 Regibus
1078 1902 1189 1928 obnoxii
1206 1901 1285 1928 sunt:
1306 1911 1377 1938 quos
1390 1906 1467 1930 etiarn
1476 1904 1581 1939 Regulos
1595 1912 1675 1931 vocat

858 1937 1028 1965 Marcellinus
1043 1938 1136 1965 noster
1153 1940 1180 1965 in
1191 1938 1231 1966 lib.
1244 1941 1282 1965 18.
1304 1941 1383 1975 Reges
1392 1950 1488 1972 omnes,
1508 1940 1673 1976 &Regales‚

47 1975 88 1999 'rc‘
96 1981 122 2000 c,
143 1972 218 2007 quod
227 1970 264 1999 est
270 1973 338 2000 circa
346 1994 354 2004 ,
375 1972 391 1989 ²*
399 1972 540 2009 quomodo
549 1974 576 2000 in
587 1973 727 2002 Tolosano
736 1974 827 2003 distin-
858 1971 1006 2010 &Regulos
1012 1974 1048 2001 ad
1053 1977 1201 2003 convivium
1210 1982 1354 2011 corrogatos.
1369 1978 1407 2004 Ita
1416 1977 1546 2012 Sulpicius
1557 1978 1674 2004 Alexan-

36 2006 60 2037 [ὲ
68 2008 195 2044 scriptum
203 2011 299 2044 reperi.
319 2009 335 2025 ³¹⁵
350 2011 383 2037 ln
392 2010 610 2038 Editioneautem
619 2011 739 2038 Romana
746 2020 827 2040 excu-
856 2011 903 2038 der
917 2011 997 2038 inlib.
1006 2020 1030 2045 4.
1052 2012 1121 2039 Hist.
1136 2015 1330 2040 Marcomerem
1347 2015 1542 2041 &Sunnonem
1554 2015 1671 2041 Franco-

37 2045 78 2073 'um
89 2053 158 2074 erat,
178 2045 221 2082 ‘ff'
235 2046 365 2073 Valeriam
375 2064 382 2076 ,
401 2056 498 2074 errore
510 2046 693 2077 librariorum,
714 2050 760 2084 qui
768 2058 822 2076 eam
855 2058 917 2076 rum
932 2049 1098 2085 Subi-egulos
1113 2058 1207 2078 vocat,
1229 2058 1300 2086 quos
1315 2051 1511 2086 etiamRegales
1526 2050 1618 2078 ibidem
1627 2060 1671 2087 ap-

22 2089 108 2110 ‹otam
121 2081 230 2111 minime
243 2083 431 2120 intelligebant.
451 2084 579 2112 Gelenius
589 2084 702 2120 vulgatae
712 2085 826 2122 scriptu·
855 2086 942 2123 pellat.
964 2086 1041 2113 Idem.

61 2119 153 2148 ιυᾶοι·
161 2120 207 2147 est.
226 2120 308 2155 Valefi
891 2133 908 2160 y
927 2124 1041 2161 Qorum
1054 2122 1151 2157 plebem
1165 2125 1247 2150 arcuit
1260 2125 1345 2160 [ηιμ]
1374 2125 1405 2151 In
1416 2122 1542 2151 Editione
1549 2126 1670 2153 Romana

28 2160 31 2170 ¹
53 2165 72 2185 v
90 2159 152 2192 Ergo
166 2157 215 2185 haec
230 2155 366 2194 &fimilia
379 2157 528 2193 lenituris.J
547 2157 691 2194 Eleganter
708 2158 827 2187 hunclo-
853 2161 963 2197 perinde
971 2162 1035 2188 utin
1046 2159 1193 2196 Regi0*ac
1200 2159 1338 2187 Tolosano
1350 2160 1587 2196 *codicelegirun
1608 2172 1668 2199 quo-

26 2215 27 2219 ,
52 2194 151 2222 mmihi
159 2194 300 2223 restituisse
307 2195 416 2226 videor,
435 2196 826 2223 mutatatantummodointer-
852 2207 907 2226 rum
921 2197 955 2233 pl.
971 2199 1055 2225 aerim
1072 2201 1224 2233 Imperator:
1246 2195 1294 2231 [in
1311 2197 1489 2226 Colbertin0‚
1509 2208 1590 2225 aci-tor
1603 2201 1663 2236 ua]

2 2235 16 2256 t*
57 2230 170 2258 ustione.
190 2233 259 2260 Nam
273 2230 334 2260 cum
351 2234 378 2260 in
388 2233 514 2262 Editione
522 2234 642 2260 Romana
659 2234 722 2261 &in
739 2235 824 2269 Regio
853 2237 958 2262 Primus
972 2234 1100 2262 Gelenius
1116 2234 1250 2269 vulgatam
1265 2233 1407 2263 lectionem
1416 2237 1584 2271 excogitavit.
1605 2237 1666 2271 Ego

35 2236 73 2338 Fac
80 2267 174 2295 Tolos.
191 2268 207 2285 *²
217 2270 466 2305 codicelegeretur,
483 2279 543 2304 erga
551 2268 602 2297 haec
601 2269 702 2306 similia
709 2270 825 2300 lenioris,
853 2271 920 2299 vero
929 2271 989 2300 cnm
997 2270 1234 2298 animadvertissem
1243 2272 1269 2297 in
1279 2270 1373 2300 lib.26.
1387 2281 1489 2308 cap.vr.
1504 2272 1549 2299 ubi
1558 2272 1665 2307 legitur,

9 1799 25 1957 v-—ov-os

42 2310 76 2333 on
89 2304 206 2335 dubitavi
220 2310 286 2346 quin
301 2309 337 2336 ita
350 2307 493 2345 legendum
509 2306 572 2335 effer
588 2314 620 2335 ut
637 2306 714 2335 edidi.
732 2306 825 2336 Paullo
852 2311 951 2338 veritus
967 2319 997 2337 ne
1011 2307 1060 2334 hac
1074 2317 1106 2334 ex
1121 2306 1195 2346 causa
1203 2306 1362 2338 indemnatus
1369 2309 1530 2341 occideretur,
1549 2318 1601 2338 tam
1610 2311 1665 2339 Re·

37 2340 40 2372 l
1011 2344 1045 2385 B
1058 2345 1084 2386 b
