2007 2658
3 2181 13 2407 l

0 2406 13 2486 l

0 2474 15 2658 l

120 87 871 151 *tss};2¹i¹.¹1⁶13¹3³v‘312z5523.fiz‘z‘ifflxzteziia'z‘zzz
942 90 1060 137 LIB.
1079 94 1287 143 xxvii.
1307 97 1452 144 CAP.
1479 98 1538 145 X.
1612 108 1712 161 545

52 164 158 222 posse
167 193 183 213 ι,
207 166 318 205 aliam
332 166 433 206 viam
445 165 650 205 ducentem
664 162 714 202 ad
733 161 876 202 arduos
887 163 1009 204 clivos
1022 193 1032 208 ‚
1061 177 1200 218 praeter
1220 182 1304 209 eam
1334 178 1351 205 ‘1
1375 184 1492 224 quam
1515 171 1710 226 inspexere

55 230 72 254 4
90 231 104 248 r
126 222 428 274 proculcatores.
466 221 538 261 Per
549 221 684 274 ignota
697 219 829 272 itaque
840 223 878 259 &
895 219 1076 273 palustres
1092 222 1252 274 uligines
1266 225 1401 265 devius
1414 228 1571 267 tendens
1585 256 1597 274 ,
1622 229 1710 268 insi·

50 278 220 318 diatricis
233 291 365 317 manus
378 277 513 316 locatae
525 289 608 330 per·
626 282 638 306 5
662 275 822 328 obliqua
833 274 961 315 subito
973 277 1196 329 oppetiisset
1209 280 1369 320 adcursu
1382 309 1394 328 ,
1421 283 1459 321 ni
1481 283 1707 324 necessitatis

49 334 273 382 adjumento
287 332 481 386 postremo
493 358 506 378 ,
531 344 599 384 per
610 330 760 370 labilem
773 330 908 370 limum
921 332 1083 371 incitato
1085 333 1267 385 jumento
1279 335 1463 388 digressus
1475 365 1487 385 ,
1508 339 1705 388 legionum

48 388 84 429 se
93 390 247 443 gremiis
260 386 492 428 immersisset
504 385 592 440 post
609 388 818 439 abruptum
841 387 1057 440 periculum
1073 403 1080 427 :
1095 389 1160 427 cui
1187 388 1285 428 adeo
1306 394 1507 443 proximus
1531 383 1608 433 fuit
1628 422 1639 440 ,
1662 407 1705 434 ut

47 446 194 499 galeam
208 448 288 495 ejus
303 443 559 483 cubicularius
572 441 695 482 ferens
706 455 799 481 auro
810 442 1027 497 lapillisque
1048 442 1267 485 distinfitam
1281 472 1294 490 ,
1317 458 1407 484 cum
1428 448 1510 500 ipso
1533 451 1705 501 tegmine

47 502 199 554 penitus
215 501 385 539 interiret
397 526 409 546 ,
429 512 499 538 nec
513 497 645 553 postea
672 499 785 539 vivus
799 499 1026 552 reperiretur
1038 510 1104 539 aut
1129 499 1364 540 interfefihis.
1395 501 1560 543 Proinde
1573 494 1705 557 cluiete

47 556 261 596 reficiendis
272 555 502 608 corporibus
519 555 609 594 data
627 582 638 601 ,
653 553 843 608 signoque
854 555 982 595 eredo
998 582 1012 602 ,
1036 556 1146 609 quod
1163 555 1259 596 solet
1269 556 1318 596 ad
1331 569 1503 611 pugnam
1521 558 1667 600 hortari
1694 590 1704 606 ‚

42 611 225 651 >tubarum
239 612 445 651 minacium
459 610 691 651 accendente
706 609 1314 665 clangore,fidentiffimoimpetu
1326 614 1424 652 acies
1436 624 1560 653 motas
1573 628 1703 668 prom-

46 668 115 720 pte
127 677 214 707 ante
227 667 321 707 alios
340 669 504 721 praeiere
514 667 598 706 duo
602 667 761 720 juvenes
773 665 863 706 ieffi
872 667 912 705 in
926 667 1125 720 principiis
1150 668 1321 708 adeundi
1344 668 1571 710 discriminis
1584 697 1596 716 ,
1621 671 1704 710 Sal-

0 769 3 773 ,
45 723 129 764 vius
143 727 182 763 ὃς
197 723 412 777 Lupicinus
425 750 437 770 ,
457 723 653 762 Scutarius
665 735 762 763 unus
775 749 786 765 ,
809 721 904 761 alter
921 721 1084 762 eschola
1104 723 1319 763 Gentilium
1333 751 1345 768 ,
1365 723 1520 778 fragore
1542 726 1702 766 terribili

41 780 281 819 concitantes
297 778 518 832 :hastasque
530 777 734 832 crispando
757 777 847 816 cum
860 777 909 816 ad
930 779 1088 831 rupium
1111 778 1262 827 obstita
1283 780 1466 820 venissent
1479 807 1490 827 ,
1515 782 1705 822 trudenti-

42 833 189 889 busque
201 835 422 876 Alamannis
434 834 594 874 evadere
605 835 654 873 ad
665 832 822 872 celsiora
834 845 1064 873 conarentur
1076 861 1089 881 ‚
1119 835 1135 860 ⁶
1154 835 1311 874 advenit
1329 849 1445 876 omne
1458 837 1615 891 pondus
1646 852 1705 879 ar-

42 902 195 930 morum
209 918 221 938 ,
254 899 267 922 7
289 889 505 943 iisdemque
517 889 767 943 antesignanis
780 902 848 942 per
860 888 959 928 hirta
977 889 1107 929 dumis
1120 893 1158 930 δε
1170 890 1299 945 aspera
1311 904 1454 945 magno
1469 894 1609 933 virium
1622 893 1702 934 nisu

40 946 211 987 ineditas
227 945 478 985 sublimitates
489 944 637 999 erepsit.
664 946 758 985 Acri
778 945 897 998 igitur
911 946 1079 999 partium
1091 945 1226 998 spiritu
1249 948 1454 988 conflifikus
1477 948 1701 1003 cuspidibus

42 1010 213 1042 tentatur
225 1000 367 1042 infestis
380 1017 388 1041 :
403 1005 440 1042 &
457 1001 547 1041 hinc
559 1012 638 1041 arte
650 1001 741 1041 belli
753 1001 909 1041 dostior
920 1001 1028 1041 miles
1040 1029 1053 1048 ,
1076 1003 1167 1042 inde
1179 1003 1271 1042 licet
1285 1002 1433 1045 feroces
1447 1031 1459 1051 ,
1476 1004 1542 1044 sed
1554 1006 1590 1044 in
1597 1007 1702 1044 cauti

42 1056 189 1098 barbari
200 1058 369 1098 dexteris
380 1060 510 1097 co'iere
523 1057 683 1097 collatis:
699 1069 799 1110 quos
813 1057 926 1096 latius
939 1056 1013 1097 sese
1025 1058 1195 1110 pandens
1210 1060 1401 1099 exercitus
1415 1059 1550 1099 infusis
1564 1060 1700 1099 utrim-

37 1127 119 1168 que
138 1113 316 1154 cornibus
337 1113 562 1154 adflietabat
573 1141 585 1160 ,
610 1126 677 1166 per
689 1112 864 1152 fremitus
887 1114 1041 1153 territos
1064 1117 1103 1154 δε
1115 1128 1308 1168 equorum
1322 1114 1500 1155 hinnitus
1512 1119 1550 1156 ὅτ
1575 1117 1700 1156 tubas.

40 1167 311 1210 Nihilominus
334 1179 463 1209 tamen
486 1169 556 1222 ipsi
571 1169 763 1222 assumpta
784 1168 930 1208 fiducia
959 1169 1175 1209 restiterunt
1202 1185 1210 1209 ε
1232 1171 1468 1224 aequataque
1491 1185 1701 1225 parumper

40 1225 272 1280 proeliorum
286 1224 411 1270 sorte,
435 1225 540 1265 haud
554 1239 671 1278 parva
684 1225 787 1265 mole
798 1234 986 1264 certatum
999 1224 1074 1272 est,
1094 1225 1190 1265 dum
1222 1228 1234 1252 8
1257 1236 1473 1266 turmarum
1501 1226 1699 1267 funeribus

39 1282 184 1321 mutuis
199 1294 254 1321 res
267 1280 480 1335 gerebatur.
512 1281 675 1330 Disjeffi
686 1281 856 1334 denique
872 1281 1143 1322 Romanorum
1155 1281 1292 1321 ardore
1304 1308 1317 1328 ,
1339 1283 1524 1335 metuque
1540 1283 1699 1330 turbati,

39 1336 244 1377 miscentur
257 1337 402 1376 ultimis
424 1337 562 1391 primi:
584 1337 759 1391 dumque
769 1337 809 1376 in
831 1337 948 1390 pedes
971 1336 1067 1377 versi
1087 1336 1314 1383 discedunt,
1339 1339 1484 1378 verutis
1516 1346 1532 1371 9
1552 1338 1701 1378 hostili-

39 1392 110 1432 bus
126 1392 351 1433 forabantur
363 1396 400 1432 &
415 1392 530 1446 pilis.·
552 1392 753 1432 Postremo
765 1392 860 1431 dum
876 1392 1002 1432 anheli
1027 1401 1187 1432 currunt
1206 1395 1246 1433 &
1268 1390 1352 1432 feffi
1364 1421 1374 1437 ‚
1399 1393 1620 1447 pandebant
1643 1394 1698 1434 se-

0 1477 1 1482 ,
33 1448 247 1501 -quentibus
258 1448 429 1502 poplites
441 1451 479 1488 ὅτ
493 1447 515 1486 s
511 1461 594 1488 uras
606 1452 644 1488 ὃς
657 1447 781 1488 dorsa.
813 1436 949 1488 Stra'tis
962 1448 1133 1502 denique
1145 1448 1277 1488 multis
1292 1475 1305 1495 ,
1329 1449 1524 1502 lapsorum
1547 1461 1698 1502 partem

0 1550 1 1558 ἵ
34 1503 299 1550 Sebastianus,
322 1517 411 1543 cum
424 1503 615 1549 subsidiali
634 1517 750 1544 manu
763 1503 914 1543 locatus
925 1503 1014 1558 post
1040 1505 1233 1544 montium
1248 1515 1380 1558 terga,
1409 1505 1620 1545 trucidavit
1643 1520 1694 1546 ex

37 1559 192 1599 incauto
203 1560 320 1600 latere
331 1560 636 1600 circumventam
650 1576 659 1598 :
672 1558 827 1612 dispersi
840 1561 957 1599 ceteri
970 1559 1146 1600 silvarum
1157 1559 1192 1599 se
1204 1559 1356 1600 latebris
1367 1574 1426 1600 am
1432 1561 1628 1601 andarunt.
1650 1563 1695 1602 In

35 1613 108 1655 hac
118 1615 368 1656 dimicatione
381 1614 500 1655 nostri
513 1629 675 1669 quoque
686 1615 891 1669 oppetiere
902 1629 981 1655 non
994 1616 1282 1656 contemnendi:
1295 1616 1394 1657 inter
1407 1630 1506 1671 quos
1520 1617 1698 1657 Valeria-

37 1677 105 1710 nus
115 1670 191 1712 fuit
203 1668 519 1712 Domesticorum
536 1672 713 1710 omnium
738 1671 888 1724 primus
900 1698 913 1718 ,
934 1674 974 1711 ὃς
997 1671 1256 1726 Natuspardo
1280 1673 1442 1726 quidam
1465 1673 1660 1713 Scutarius
1681 1701 1694 1721 ,

2 1765 4 1779 y
37 1725 54 1756 s
72 1727 240 1767 exsertus
253 1729 307 1767 ita
321 1725 503 1774 bellator,
529 1737 573 1766 ut
584 1727 729 1767 Sicinio
739 1727 860 1767 veteri
873 1731 1174 1781 comparetur&
1197 1728 1343 1782 Sergio.
1373 1727 1530 1782 Hisque
1553 1729 1619 1768 tali
1631 1743 1695 1768 ca-

40 1829 42 1832 ·
71 1826 89 1849 4
108 1816 153 1845 Al.
169 1817 380 1854 procursatores.
393 1817 399 1824 '
419 1825 432 1849 5
454 1817 499 1852 Ms
517 1817 605 1844 oblita.
643 1818 659 1843 6
679 1816 724 1844 Al.
737 1816 845 1844 advenit
877 1824 969 1852 agmen
987 1825 1153 1853 praeeuntes,
1170 1817 1312 1844 incursum
1327 1817 1442 1846 hostium
1457 1820 1646 1855 explorabant,
1661 1828 1693 1848 ut

36 1853 86 1881 huc
95 1862 183 1881 omne.
223 1862 237 1887 7
258 1854 303 1881 Al.
319 1855 350 1880 i'i's
366 1853 486 1889 denique.
504 1856 534 1879 In
549 1854 715 1890 mslneutrum
729 1853 844 1882 habetur.
877 1854 968 1881 videi-e
977 1854 1049 1881 estin
1060 1856 1190 1890 principio
1200 1854 1244 1881 lib.
1252 1862 1293 1886 24.
1314 1855 1370 1882 Eos
1387 1857 1629 1891 Vegeriusi'nli'b.2.
1647 1866 1693 1883 ex-

37 1892 51 1917 8
72 1888 273 1925 Mfruinai-um.
315 1899 331 1924 9
350 1890 398 1925 Μ]
407 1889 545 1917 hastilibus.
879 1890 1025 1918 cultatores
1033 1891 1077 1918 seu
1086 1891 1270 1920 exculcatores
1287 1899 1379 1918 vocat:
1389 1893 1446 1919 Leo
1455 1894 1482 1919 in
1491 1894 1604 1921 'radicis
1612 1903 1691 1920 σηουλ-

879 1930 994 1962 τείτωρμς.
1016 1928 1099 1954 Iidem
1114 1930 1202 1956 Graeci
1217 1929 1362 1955 auocari-ar&
1371 1933 1482 1961 σκοὶἳλκςιν
1495 1938 1591 1957 vocant
1603 1929 1693 1956 statio-

880 1973 940 1991 nem
956 1965 1001 1992 seu
1017 1965 1117 1999 vigilias
1125 1983 1132 1994 ,
1140 1964 1255 1991 indidem
1265 1963 1371 1991 deflexo
1379 1965 1515 1993 vocabulo.
1526 1966 1542 1982 '⁶
1555 1967 1585 1993 In
1596 1966 1691 1993 Tolos.

0 2001 1 2006 ¹
41 2006 48 2011 '
73 2009 90 2037 q
110 2002 196 2038 Qum
204 1999 538 2039 inspexereproculcatoresj
557 2001 597 2027 Ita
606 2001 632 2026 in
643 2000 692 2027 Ms.
707 2001 780 2036 vulg.
795 2007 852 2035 pro-
879 2000 968 2028 codice
975 2002 1154 2029 Procultatores
1169 2001 1402 2036 sci-ipruminveni.
1422 2001 1439 2017 '¹‘
1457 2001 1540 2038 Valesf

0 2051 1 2055 ¹
38 2040 178 2074 &sator-es.
199 2040 235 2065 Et
246 2037 424 2073 proculcatores
440 2037 484 2063 hic
494 2053 500 2065 ‚
514 2039 555 2064 nti
569 2038 596 2064 in
618 2036 774 2064 melioribus
790 2037 850 2064 libb.
916 2037 933 2063 s
947 2039 1124 2066 Exercitus-ira
1140 2037 1269 2073 bellatum]
1288 2038 1384 2065 Nescio
1402 2037 1473 2065 unde
1489 2039 1544 2066 haec
1561 2038 1691 2074 scriptura

41 2073 154 2109 Vegetii‚
173 2076 198 2102 &
210 2076 316 2102 Notitia
325 2075 390 2110 Imp.
411 2076 479 2100 Inter
486 2073 586 2100 auxilia
595 2072 716 2099 Palatina
729 2073 857 2108 Earaemlca-¹
878 2075 904 2100 in
915 2073 1108 2110 Lindenbrogi'i
1117 2075 1270 2101 Editionem
1278 2074 1392 2110 irrepsit.
1414 2076 1482 2101 Nam
1491 2077 1518 2102 in
1527 2077 1612 2110 Regio
1630 2079 1689 2112 qui-

40 2115 102 2138 tare:
102 2110 226 2147 seniores,
242 2110 418 2138 Exctdcatorcs
420 2110 541 2143 juniores.
560 2109 706 2137 Lindenbr.
764 2123 765 2126 =
830 2144 832 2146 v
878 2110 937 2137 dem
946 2111 1105 2146 exemplari,
1123 2112 1184 2138 &in
1197 2110 1350 2145 Augustam
1359 2111 1484 2138 Editione
1500 2112 1576 2139 locus
1592 2121 1689 2140 cori-u-

45 2147 47 2149 ’
75 2156 89 2174 x·
108 2148 317 2176 Proculmtores.]
338 2148 370 2174 In
380 2146 469 2173 codice
476 2147 561 2181 Regio
573 2148 599 2174 &
611 2145 741 2173 Bafilienfi
750 2146 852 2173 Editio·
880 2155 943 2183 ptus
951 2147 987 2174 est
997 2147 1048 2174 hoc
1065 2147 1148 2174 modo
1157 2166 1164 2177 ,
1181 2145 1215 2177 &⁴
1224 2149 1314 2173 Sextus
1327 2150 1365 2174 ita
1378 2147 1480 2174 hevam
1489 2158 1494 2173 .·
1504 2150 1554 2180 [in
1564 2149 1685 2176 Colberr.

42 2191 75 2210 ne
81 2182 262 2220 Procursstores
269 2184 398 2214 dicuntur
408 2192 414 2209 t
423 2182 466 2208 sed
475 2184 536 2210 cum
547 2182 698 2217 Augustana
708 2183 797 2210 Editio
806 2192 851 2210 co·
882 2184 931 2211 Ms.
942 2194 973 2210 ex
974 2184 1070 2220 sextus.
1079 2189 1096 2218 J
1113 2184 1241 2211 Gelenius
1250 2181 1317 2209 vero
1328 2184 1362 2211 fic
1379 2184 1494 2211 ediderat
1503 2201 1510 2212 ‚
1528 2184 1636 2220 exsertus
1649 2190 1687 2212 ira

41 2217 90 2254 ilici
99 2219 171 2246 Flor.
186 2222 206 2251 ἱ
214 2223 240 2249 &
250 2221 328 2248 Colb.
336 2219 509 2255 Jconsenriat
519 2238 526 2249 ,
540 2228 596 2246 non
606 2219 700 2246 dubito
710 2222 774 2254 quin
784 2229 852 2256 prae-
879 2219 995 2250 beHator,
1012 2220 1114 2256 optime
1124 2220 1219 2254 procul
1228 2219 1318 2246 dubie.
1337 2223 1379 2248 Sic
1387 2222 1493 2247 enimin
1511 2220 1649 2256 superiore
1658 2223 1688 2250 li-

41 2253 145 2282 ferenda
161 2255 193 2283 fit
209 2258 289 2284 altera
304 2257 440 2293 scriptura.
460 2258 530 2286 Sunt
544 2263 633 2282 autem
650 2256 852 2284 Proculcatores
878 2256 1050 2283 brdlocutus
1060 2256 1097 2283 est
1110 2256 1416 2284 Marcellinuslib.xxii.
1426 2266 1477 2292 cap.
1490 2266 1532 2284 xi.
1550 2258 1620 2294 Aliso
1631 2268 1689 2295 qm-

40 2290 115 2320 iidem
130 2302 157 2319 ac
172 2293 392 2331 procursatores,
407 2292 452 2322 seu
468 2292 674 2323 excursatores,
692 2294 738 2328 qui
756 2293 851 2321 scilicet
880 2292 939 2320 dam
949 2296 989 2320 Tr.
1000 2292 1105 2329 abscidit
1113 2291 1224 2327 exstruis
1231 2292 1332 2322 bellator
1340 2292 1494 2329 &prudenx
1515 2293 1596 2323 Idem.

1070 2327 1185 2371 Zzz
