2007 2658
526 106 1278 155 PRAEFATIO.

85 179 210 217 rentino
218 176 278 227 legi
301 177 479 213 EtSilvanuc
499 175 576 210 devii
594 172 633 219 est
645 196 656 213 ,
680 185 738 208 nec
756 171 863 208 dubito
885 173 957 222 quin
976 175 1036 209 tale
1054 172 1123 221 quid
1143 171 1228 207 fuerit
1244 173 1276 207 in
1300 173 1456 210 codicibus
1467 188 1520 223 per
1529 175 1729 213 Valefios'ins

85 228 106 264 s
121 228 210 264 effis.
235 229 287 261 An
299 225 386 274 igitur
398 222 530 258 cunetari
542 221 698 268 possumus
707 244 717 261 ‚
729 222 800 270 quin
811 234 848 257 ex
858 234 898 257 eo
909 223 1066 257 credamus
1078 223 1246 256 clamorem
1257 219 1347 256 istum
1359 220 1442 256 fuiss'e
1453 250 1461 263 ‚
1477 227 1508 258 &
1521 227 1727 262 Ammianum

88 242 249 324 AEfipfiffe,
275 273 504 309 SILVANVS
527 271 686 305 DESHT
706 270 830 310 ESSE,
856 284 949 317 quam
968 271 1131 306 decessoris
1150 271 1210 305 mei
1222 270 1321 305 Zuerii
1334 269 1507 305 Boxhornii
1517 275 1730 318 conjefturam

90 338 149 374 pro
160 321 306 360 veriffima
317 319 497 367 amplector.
521 318 646 354 Eodem
666 319 747 354 libro
771 331 839 367 cap.
852 323 874 353 6
908 327 958 354 Ne
988 322 1018 356 vi
1036 321 1129 354 nimia
1148 328 1354 353 tormentorum
1375 321 1433 354 levi
1454 331 1564 366 torpore
1581 321 1729 368 fatigato,

87 386 149 410 reos
170 372 310 406 atrocium
333 370 485 403 criminum
511 367 656 414 perspicue
675 369 758 402 citari
774 367 890 413 faceret
911 369 1027 404 multos.
1056 367 1104 402 Sic
1116 367 1210 402 edidit
1222 367 1397 402 Hadrianus
1415 367 1518 403 nescio
1530 381 1586 416 qua
1596 367 1726 409 fiducia,

90 416 364 465 certeineptiffime
374 439 384 456 ‚
411 429 503 464 quum
514 428 626 450 omnes
639 425 709 450 ante
719 428 789 452 eum
802 429 860 463 pro
871 416 1037 451 undecimo
1055 415 1209 452 vocabulo
1227 415 1383 462 promiscue
1394 416 1441 450 vel
1459 418 1593 463 promisce
1604 419 1708 465 legant
1718 438 1729 456 ,

88 479 216 516 quorum
229 476 450 512 utrumcunque
460 463 504 498 est
516 462 716 500 veriffimurn.
742 463 840 499 Libro
851 475 909 501 xv1
921 477 989 511 cap.
1006 478 1023 510 5
1050 464 1146 499 miror
1158 464 1348 510 contemptis
1359 463 1442 499 libris
1455 466 1548 501 MSS.
1559 464 1606 499 edi
1617 478 1651 500 ex
1662 466 1729 500 rbe-

86 520 135 551 tris
146 515 312 563 Lycurgi&
323 514 456 548 axonibus
467 535 477 552 ‚
499 524 592 561 quum
605 511 782 561 Augustam
792 525 829 547 ex
840 516 960 561 Lycurgi
973 515 1004 547 id
1017 512 1054 560 est
1068 514 1202 548 axonibus
1213 535 1224 552 ‚
1250 524 1335 560 aeque
1358 524 1393 546 ac
1404 511 1499 546 miror
1509 513 1540 547 in
1554 514 1648 548 MSS.
1659 513 1735 561 ipsis

28 592 30 595 ,
85 563 146 612 legi
156 561 231 598 teste
244 561 367 597 Valesio
378 574 415 596 ex
428 561 528 596 rhetris
540 564 659 610 Lycurgi
674 584 683 601 ‚
711 563 742 595 id
765 560 802 607 est
822 562 933 598 axibus.
959 561 1142 609 Expreffum
1157 573 1232 597 vero
1251 561 1281 595 id
1300 559 1361 595 vidi
1383 560 1416 594 in
1437 561 1584 596 Romana
1592 561 1730 597 editione

86 613 219 660 Lycurgi‚
236 612 373 646 1.axibus
384 638 391 650 ‚
407 622 500 658 quum
514 610 617 658 utique
627 610 745 646 sciverit
756 609 915 651 Valesius,
941 607 1014 645 sciat
1024 610 1128 645 omnis
1137 609 1239 649 orbis,
1266 607 1449 656 posteriores
1460 622 1526 644 non
1541 608 1599 644 esse
1610 612 1728 657 Lycur-

86 660 137 710 gi,
158 658 206 694 sed
220 659 355 694 Solonis.
383 658 533 694 Gruterus
542 657 631 694 silens
641 658 680 694 de
690 658 842 706 excerptis
851 658 979 693 duorum
994 658 1136 693 codicum
1146 681 1156 698 ,
1182 669 1248 706 quae
1269 657 1372 692 habuit
1382 685 1392 698 ‚
1414 656 1580 704 suspicatur
1588 655 1731 694 excidiffe

86 721 156 744 earn
174 708 269 756 ipsam
292 707 532 755 appellationem
553 706 596 742 ob
616 706 844 741 similitudinem
864 707 1037 746 literarum,
1062 719 1130 755 quae
1151 719 1242 754 prava
1253 704 1454 741 accusatioest
1467 706 1625 742 bonorum
1636 706 1729 742 libra-

85 757 211 793 riorum.
238 757 324 790 Nam
336 755 409 790 nihil
423 755 532 790 certius
544 754 644 802 potest
655 755 733 795 esse,
760 767 851 803 quarn
870 755 908 789 ab
925 754 979 790 ista
999 755 1165 790 concordia
1187 755 1332 790 codicum
1344 767 1403 789 nos
1415 753 1456 789 eo
1468 755 1556 796 duci,
1581 765 1615 790 ut
1627 754 1732 790 creda-

84 818 154 841 mus
164 802 274 840 dedisse
284 804 487 839 Ammianum
500 816 536 837 ex
546 805 645 839 rhetris
658 806 773 852 Lycurgi
791 825 801 842 ‚
823 805 893 838 item
915 805 1018 839 axibus
1039 804 1087 841 vel
1105 804 1254 842 axonibus.
1284 803 1412 852 Qippe
1432 802 1559 838 infinitis
1578 804 1731 850 exemplis

87 852 209 889 constat
218 851 304 887 solita
314 852 372 887 efle
382 853 413 886 in
424 853 517 889 MSS.
528 852 611 887 libris
622 851 814 888 commisceri
824 853 901 886 idem
912 875 922 891 ‚
948 854 1016 888 item
1029 874 1040 892 ‚
1069 854 1100 887 id
1119 851 1178 898 est:
1205 855 1238 887 δι
1259 850 1299 886 fic
1311 852 1366 887 alia
1378 861 1454 886 nota
1467 864 1626 900 perperam
1637 852 1730 887 intel-

85 902 166 938 leeta
175 900 248 936 fecit
258 922 270 940 ‚
282 910 313 936 ut
322 901 402 937 libro
415 911 476 937 xv1
487 913 500 936 r
517 913 586 948 cap.
601 913 638 936 12
660 902 710 948 effe
723 902 872 938 Valeriam
884 900 1027 936 exhibeat
1037 902 1184 936 Romana
1195 923 1205 940 ,
1231 913 1325 949 quum
1335 901 1367 935 in
1379 902 1473 937 MSS.
1485 900 1518 934 fit
1531 905 1576 935 ξε.
1604 901 1732 936 Eodem

84 950 165 987 libro
183 962 250 997 cap.
269 960 306 983 11
337 950 471 997 Invasere
489 951 664 997 Lugdunum
681 953 829 985 incautam
852 963 862 984 .·
891 962 1015 997 eamque
1035 951 1201 996 populatam
1222 949 1284 997 nisu
1301 950 1401 985 valido
1419 950 1644 997 concremassent.
1680 949 1732 984 Sic

84 1008 193 1046 putant
212 996 324 1034 Valefii
343 997 374 1032 se
398 998 483 1033 reete
505 997 670 1033 defunetos
687 997 766 1037 esse,
792 997 860 1045 quia
877 998 946 1033 alibi
965 998 1029 1045 nisu
1046 999 1143 1034 valido
1159 997 1282 1044 firmare
1293 998 1504 1038 dixitauc0oer,
1531 1011 1625 1046 quum
1637 999 1733 1034 MSS.

85 1047 154 1083 libri
173 1046 224 1082 hic
243 1047 347 1095 legant
360 1047 421 1094 visu
431 1073 440 1082 .
455 1073 464 1083 .
476 1058 495 1081 a
506 1048 728 1095 concremassent.
758 1045 875 1094 Qaeso
889 1060 942 1095 per
953 1045 1057 1082 Musas
1076 1046 1083 1083 !
1106 1047 1187 1081 unde
1195 1045 1268 1081 hinc
1279 1044 1532 1095 liquideexsculpi
1542 1047 1642 1094 potuit
1651 1044 1732 1082 nisus

83 1094 137 1132 ille
147 1095 400 1143 validus?Utique
411 1094 532 1130 testatur
544 1093 605 1141 ipse
616 1097 747 1144 primam
759 1096 877 1130 literam
888 1097 918 1131 in
930 1094 1046 1143 scriptis
1056 1095 1171 1130 exstare
1181 1108 1279 1133 v,non
1287 1095 1430 1132 n.deinde
1441 1094 1566 1130 finalem
1580 1096 1614 1131 &
1625 1094 1732 1142 proxi-

85 1156 171 1180 mam
185 1143 280 1180 verbo
290 1145 504 1191 concremaffent
513 1143 572 1178 effe
583 1156 611 1185 a,
623 1157 689 1179 non
702 1157 734 1179 o.
749 1144 834 1190 Qid
846 1144 918 1179 inde
930 1144 1030 1192 potest
1040 1143 1133 1193 sequi,
1147 1143 1201 1178 nifi
1211 1155 1242 1178 ut
1254 1142 1402 1192 scripserit
1408 1145 1573 1191 populatam
1585 1145 1612 1180 vi
1616 1144 1736 1190 summa

84 1193 346 1240 concremaffim,ut
357 1203 413 1226 xm
423 1196 505 1231 11‚6.
518 1194 629 1239 Qibus
638 1195 764 1229 ineuntes
771 1195 865 1240 prelia
878 1195 933 1229 viri
941 1195 1057 1241 summa
1069 1196 1097 1229 vi
1107 1195 1171 1229 vehi
1180 1193 1359 1239 exfiaeltantes
1365 1192 1735 1240 fhlem.xx1x‚1.Qorum

79 1241 195 1290 flamma
208 1244 236 1276 vi
254 1241 332 1288 salus
343 1241 438 1276 crebro
449 1242 676 1288 oppugnabatur.
707 1241 792 1276 Alibi
807 1243 897 1277 nimia
908 1245 936 1278 vi
948 1241 1025 1277 solet
1034 1241 1174 1278 scribere.
1189 1242 1238 1276 Sic
1249 1240 1375 1290 indigne
1388 1240 1507 1277 videtur
1516 1240 1637 1276 traetari
1649 1242 1736 1276 Am-

85 1289 205 1325 mianus
216 1289 294 1336 lib.4
310 1289 349 1324 de
359 1289 509 1328 obelisco.
521 1292 588 1324 Sola
594 1289 653 1336 post
664 1291 718 1325 hac
729 1289 847 1337 restabat
859 1293 971 1330 crestio,
984 1303 1040 1337 qua
1051 1293 1106 1326 vix
1116 1299 1169 1325 aut
1179 1302 1215 1325 ne
1225 1292 1274 1326 vix
1284 1291 1396 1336 quidem
1403 1289 1646 1335 sperabaturpoffi’
1657 1289 1736 1323 com}

80 1337 320 1386 plerizereliisque
331 1338 419 1385 usque
428 1340 586 1384 periculum
595 1340 663 1373 altis
671 1339 840 1378 trabibus,ut
850 1341 1050 1374 machinarum
1061 1350 1187 1374 cerneres
1198 1350 1293 1373 nemus
1304 1341 1366 1373 &c.
1379 1336 1543 1372 Undeillic
1556 1336 1686 1373 inolevit
1697 1335 1734 1375 τὲ

83 1385 236 1433 erestififue
247 1391 264 1423 ?
290 1386 396 1422 Editio
406 1388 554 1422 Romana
564 1386 654 1421 habet
662 1387 693 1421 id
703 1386 741 1432 est
753 1388 831 1434 isque
849 1389 1006 1432 periculum
1016 1409 1026 1425 ‚
1053 1385 1135 1433 quod
1146 1384 1223 1420 haud
1234 1385 1323 1420 dubie
1332 1384 1376 1420 est
1386 1396 1423 1419 ex
1434 1383 1532 1420 Msto.
1557 1383 1734 1432 Augustana

83 1435 117 1469 ia
137 1434 175 1478 est
195 1434 296 1481 absque
313 1436 452 1480 periculo.
504 1437 599 1474 Altis,
629 1446 667 1468 ex
690 1435 862 1469 mutatione
880 1434 1016 1470 editoris,
1065 1435 1158 1468 Unus
1180 1432 1407 1481 Lindebrogius
1416 1433 1572 1467 Romanae
1585 1432 1732 1467 editionis

85 1481 256 1517 leffionem
267 1482 304 1516 ab
315 1481 423 1516 codice
435 1481 617 1516 Florentino
629 1480 751 1516 testatur
762 1481 948 1516 confirmari.
990 1483 1071 1517 Non
1094 1479 1216 1529 possunt
1235 1481 1320 1515 aliter
1340 1483 1372 1516 in
1392 1481 1487 1517 MSS.
1512 1479 1569 1515 suis
1585 1479 1735 1516 invenisse

85 1529 208 1566 Valesii.
247 1531 291 1565 Et
301 1542 353 1565 cur
363 1538 465 1564 tacent
476 1530 490 1563 ?
520 1529 549 1564 Si
561 1541 669 1566 verum
680 1530 726 1565 vis
737 1552 747 1569 ‚
766 1528 878 1577 scripsit
890 1529 1013 1565 Austor
1027 1529 1088 1574 fixis
1099 1529 1185 1575 usque
1194 1531 1234 1564 ad
1250 1540 1313 1576 per.
1340 1531 1468 1577 Semper
1478 1538 1560 1564 certe
1573 1529 1628 1563 illo
1637 1528 1735 1565 verbo

84 1578 118 1614 in
133 1578 183 1612 tali
197 1578 328 1626 negotio
343 1578 442 1614 utitur.
467 1589 541 1620 xxx,
554 1591 573 1614 ι
594 1580 671 1614 acies
683 1578 837 1614 immobiles
850 1577 968 1624 stabant
977 1606 987 1618 ,
1006 1587 1040 1613 ut
1055 1577 1130 1625 fixa.
1152 1591 1204 1616 xx,
1219 1590 1240 1624 7
1265 1580 1401 1614 machina
1421 1577 1564 1613 harebant
1576 1580 1657 1613 velut
1666 1579 1735 1613 altio

83 1627 222 1663 radicibus
239 1626 320 1673 fixae.
345 1625 415 1661 alibi
429 1626 497 1674 fixis
521 1628 663 1663 tentoriis.
683 1638 780 1668 xxu,
801 1637 855 1670 15.
877 1629 909 1660 Si
923 1627 1050 1675 stipitem
1069 1631 1217 1672 quisquam
1234 1626 1335 1673 fixerit
1354 1629 1474 1662 rec‘ium.
1497 1626 1546 1661 Sic
1558 1625 1640 1661 libro
1650 1635 1732 1661 xvu

85 1687 152 1723 cap.
166 1685 181 1720 ς
195 1687 251 1722 pro
263 1677 458 1721 maximopere
468 1687 527 1710 una
535 1675 629 1710 editio
639 1675 799 1715 Romana,
812 1674 983 1710 fideliffirna
993 1674 1095 1723 scripti
1107 1675 1223 1709 codicis
1235 1674 1488 1715 imitatrix,babet
1497 1676 1627 1710 maximo
1636 1674 1736 1723 opere}

85 1723 221 1759 Siclibro
231 1735 311 1759 xv11
328 1735 396 1770 cap.
409 1737 428 1768 9
449 1723 560 1773 legitur
573 1723 694 1771 sperans
704 1736 740 1758 ex
759 1726 978 1760 Chamavorum
997 1724 1139 1771 segetibus
1149 1725 1179 1757 id
1192 1723 1319 1771 suppleri
1341 1724 1428 1770 posse,
1452 1724 1527 1769 quod
1545 1724 1674 1758 ablatum
1685 1720 1735 1769 est.

86 1773 132 1807 At
143 1771 176 1807 in
187 1772 335 1807 Romana
344 1772 479 1807 editione
490 1785 555 1807 non
569 1771 666 1807 exstat
675 1771 747 1807 illud
770 1774 851 1820 poffe.
904 1772 1001 1819 Qod
1026 1782 1188 1820 propterea
1198 1785 1263 1806 non
1274 1770 1381 1806 dubito
1391 1771 1483 1806 etiam
1496 1771 1593 1806 abesse
1602 1770 1638 1805 ab
1650 1770 1735 1806 libris

85 1818 203 1868 scriptis
214 1842 226 1860 ‚
246 1819 457 1856 &immissum
469 1821 574 1856 abillis
586 1850 594 1861 ,
613 1820 740 1868 quinon
753 1820 932 1870 cogitabant
946 1821 1070 1868 fiipplcri
1082 1819 1227 1855 hocloco
1242 1818 1415 1867 usurpatum
1430 1832 1487 1866 pro
1500 1818 1673 1867 suppletum
1686 1817 1735 1859 iri,

87 1877 122 1904 ut
132 1869 165 1903 in
177 1868 333 1902 Cicerone
342 1868 425 1904 idem
435 1869 621 1917 deprehendi
631 1878 698 1903 turn
711 1869 780 1904 alibi
790 1892 801 1909 ‚
821 1879 886 1903 tum
895 1869 925 1903 in
937 1868 1066 1916 epistola
1076 1880 1153 1903 xv11
1165 1881 1174 1902 1
1194 1868 1230 1903 ad
1244 1870 1373 1903 Brutum
1385 1882 1392 1903 :
1407 1867 1510 1915 estque
1519 1868 1600 1907 idem
1614 1865 1734 1914 lapsus,

87 1929 182 1966 quem
196 1915 335 1951 Valesius
348 1917 490 1952 inducere
501 1918 533 1953 in
546 1917 753 1952 Ammianum
767 1918 883 1957 voluit,
908 1930 1002 1966 quum
1024 1918 1054 1951 in
1077 1917 1143 1952 libri
1156 1929 1213 1953 xlv
1235 1915 1398 1964 postremis
1416 1916 1516 1952 verbis
1528 1915 1693 1964 legendum
1704 1912 1736 1949 se

89 1965 131 2001 ait
144 1965 297 2010 conjicere
313 1966 441 2012 scrutari
456 1967 526 2014 posse
543 1967 656 2013 putabit
667 1988 677 2004 ,
698 1979 791 2014 quum
802 1966 902 2001 media
914 1979 975 2001 vox
987 1967 1019 2001 in
1030 1966 1116 2001 nullo
1126 1967 1240 2015 legatur
1250 1965 1376 2013 antiquo
1387 1964 1497 1999 codice
1506 1986 1515 2003 ,
1536 1967 1567 1998 &
1581 1963 1736 2000 Gruterus

88 2013 173 2050 reste
189 2014 252 2058 jam
271 2012 303 2049 τὲ
319 2014 430 2060 putabit
440 2013 629 2049 confirmans
640 2013 782 2050 statuisset
791 2016 855 2060 ejus
864 2015 1149 2062 interpretationem
1160 2013 1218 2049 effe
1225 2014 1351 2060 scrutari
1360 2015 1483 2061 poterit,
1495 2022 1524 2046 at
1537 2010 1749 2051 Boxhornius‚

91 2074 158 2098 rem
167 2073 233 2097 non
245 2061 399 2110 perspicue
408 2062 514 2098 videns
525 2063 609 2099 malo
620 2062 703 2098 sensu
714 2063 797 2098 daret
803 2064 927 2109 scrutari
937 2065 1056 2110 putabit.
1064 2066 1141 2098 Sane
1151 2063 1257 2097 omnia
1267 2064 1474 2110 perperam&
1485 2060 1572 2095 unica
1584 2059 1693 2095 veritas
1703 2058 1735 2094 iu

95 2108 218 2147 vetustis
228 2111 321 2148 libris.
342 2106 406 2146 Sed³
410 2123 510 2159 neque
517 2124 650 2160 unquam
671 2112 842 2160 intelligere
856 2111 957 2159 potui,
980 2122 1030 2147 aut
1043 2111 1079 2147 ad
1091 2111 1288 2161 intelligenda
1298 2110 1455 2159 quisquam
1468 2109 1554 2157 praeit
1563 2107 1655 2144 verba
1666 2106 1735 2142 libri

95 2171 137 2196 xv
147 2171 215 2206 cap.
225 2171 254 2206 3.
276 2167 356 2195 Inter
371 2171 438 2206 quos
452 2160 545 2206 facile
556 2162 659 2196 Paulus
672 2161 708 2197 ἄν
721 2162 881 2196 Mercurius
892 2162 1073 2196 eminebant:
1096 2161 1140 2195 hic
1160 2161 1268 2206 origine
1280 2159 1388 2205 Persa5
1408 2157 1455 2192 ille
1472 2167 1557 2193 natur
1576 2158 1606 2191 in
1616 2157 1711 2191 Dacia
1720 2169 1735 2190 e

98 2209 240 2246 Notarius
258 2206 327 2251 iue;
345 2209 390 2243 hic
404 2220 442 2243 ex
459 2208 587 2257 ministro
608 2211 729 2244 triclinii
750 2210 917 2244 Rationalia.
975 2211 1091 2258 Neque
1108 2209 1200 2243 etiarn
1221 2206 1350 2246 dubito,
1361 2205 1444 2260 ’quin
1455 2205 1636 2240 tantundem
1646 2203 1740 2238 intel-

97 2256 228 2308 Querint
238 2255 300 2309 5199
312 2255 426 2308 Xalefii
435 2281 450 2300 ‚
470 2257 555 2309 quod
566 2256 619 2307 ipsi
628 2255 717 2295 facile
725 2256 857 2310 fetentur
866 2270 904 2295 ex
918 2270 973 2309 ore
983 2256 1213 2334 uniufssessfl‘i
1224 2278 1235 2297 ,
1259 2255 1310 2304 qui
1319 2253 1534 2304 animadvertit
1542 2254 1573 2305 ip
1584 2252 1664 2292 libro
1675 2261 1740 2301 xjv,

1191 2315 1208 2352 3
