2007 2658
114 91 831 155 ‘³‘zssfffiffinfi‘nxssss{ffssfffgffifinsssssshffxssssA·
898 93 1011 140 LIB.
1031 96 1210 143 XXXI.
1238 95 1395 162 CAR}
1407 100 1541 150 XVI.
1617 118 1713 167 709

60 173 100 209 ὃ(
118 169 244 209 velox.
276 170 496 222 Comperta
506 168 608 206 enim
621 165 789 206 fatorum
804 165 904 205 sorte
929 180 996 219 per
1026 168 1217 208 Thracias
1228 197 1239 216 ,
1271 171 1431 212 Gothos
1454 185 1567 215 antea
1593 175 1716 216 susce-

60 235 164 278 ptos,
180 224 445 278 dispersosque
457 237 524 275 per
535 223 655 262 varias
668 223 843 262 civitates
855 226 893 262 &
911 221 1030 261 castra
1042 250 1054 269 ‚
1085 225 1186 262 datis
1201 226 1426 266 teffloribus
1441 229 1576 271 litteris
1587 233 1637 272 ad
1649 247 1714 273 eo-

62 294 145 319 rum
162 281 347 320 Κεεᾶοῑεε
361 280 561 319 Romanos
572 290 706 317 omnes
719 305 731 325 ,
761 278 873 331 quod
886 278 942 317 his
955 279 1196 330 temporibus
1210 280 1296 319 raro
1312 284 1505 337 contingit
1521 314 1534 332 ‚
1565 289 1716 329 univer-

61 334 120 375 sos
132 348 329 390 tamquam
343 333 488 374 vexillo
500 333 628 372 esea-:ro
642 347 722 372 uno
734 333 956 387 eode'mque
971 333 1035 372 die
1046 334 1246 374 mandavit
1266 337 1400 377 occidi
1416 365 1426 382 ,
1457 340 1717 395 exfpeamio-

61 405 107 430 ne
120 391 290 445 promisti
302 389 481 443 stipendii
493 388 645 428 securos
660 389 710 429 ad
727 388 938 428 suburbana
961 389 1190 442 ρτοάιιξὶοε.
1220 393 1314 443 Quo
1339 394 1500 436 confilio
1525 399 1712 451 prudenti

61 447 136 486 fine
149 446 306 500 strepitu
317 445 377 486 vel
392 458 501 484 mora
520 444 723 498 completo
737 473 749 491 ‚
781 444 1000 485 Orientales
1023 446 1236 498 provinciae
1260 440 1544 492 discriniinibus
1567 466 1711 508 ereptae

60 501 146 541 sunt
157 503 316 556 magnis.
340 501 442 540 Haec
458 511 501 540 ut
515 501 621 540 msses
638 500 836 553 quondam
850 504 888 540 &
900 500 1060 540 Graecus
1070 529 1083 548 ,
1115 501 1136 540 ὲ
1147 502 1370 556 principatu
1386 507 1548 548 Caesaris
1563 511 1605 549 N
1613 525 1713 551 ervae

59 557 214 597 exorsus
226 556 398 610 adusque
410 556 585 598 Valentis
598 557 794 595 interitum
811 569 883 609 pto
900 558 1039 596 virium
1056 557 1461 610 explicavimensura:
1486 578 1588 618 opus
1614 568 1715 607 veri-

37 653 41 656 ,
60 623 178 653 tatem
192 612 401 668 professum
414 625 626 666 numquam
650 611 673 666 ζ
684 622 726 651 ut
737 612 901 652 arbitror
915 611 938 666 )
969 612 1086 653 sciens
1097 614 1247 653 filentio
1260 614 1369 655 aufus
1384 630 1634 674 corrumpere
1648 622 1711 664 vel

59 670 276 709 mendacio.
308 669 483 709 Scribant
500 668 648 721 reliqua
679 675 697 702 ‘1
716 668 890 722 potiores
903 696 915 714 ‚
946 680 1059 709 aetate
1091 670 1355 725 d0&rinisque
1374 673 1565 716 florentes.
1596 679 1711 730 Quos

59 725 102 767 id
119 731 135 776 (
148 725 175 765 fi
186 723 373 779 libuerit)
398 724 634 779 aggressuros
646 750 659 770 ,
680 724 896 776 procudere
906 725 1054 780 linguas
1067 726 1117 765 ad
1131 728 1291 780 majores
1301 741 1444 770 moneo
1456 729 1570 774 stiloS.

96 845 113 868 4
131 835 179 871 Mfi
186 836 267 864 occidi
276 857 282 863 .
292 856 298 862 .
311 856 328 863 ..
337 856 357 863 ..
367 835 582 871 ..expefirationa

902 837 987 870 piano.
1005 842 1089 867 nm&
1097 835 1194 864 dicitur
1204 834 1218 864 ‘a
1227 838 1335 867 Libanio
1344 848 1403 870 tum
1412 844 1438 870 in
1449 842 1588 880 Epistolis‚
1604 851 1664 874 tum
1688 846 1716 873 in

906 873 982 899 Orat.
1002 872 1084 908 Valeſs

940 917 956 943 q
977 910 1196 947 Potioresaetate.]
1222 912 1329 942 Mallem
1344 915 1469 952 equidem
1485 916 1556 945 hunc
1576 917 1666 946 locum
1680 921 1718 948 ita

906 944 982 987 scrib}
993 947 1020 972 δε
1030 947 1202 981 ὶῃτετρυηὲμ
1223 950 1575 992 Scribantreliquapotiores.
1593 961 1666 984 atate
1673 956 1717 984 da-

902 980 1163 1018 Hrtmsqueflorentes.
1184 982 1268 1013 Idem.
1702 985 1714 992 Α

475 1050 663 1105 Explicit
681 1050 809 1097 Liber
829 1052 1021 1098 XXXI.
1031 1055 1227 1109 filiciter.

57 944 150 973 statur.
168 947 219 973 Hic
227 943 312 980 porr&
319 942 410 980 Julius
419 960 428 971 ‚
445 940 546 967 Comes
554 941 592 967 rei
600 940 720 969 militaris
728 949 803 968 antea
811 940 868 968 fue-

56 989 97 1009 nt
105 990 153 1018 per
163 982 284 1019 Thracias
295 999 302 1013 ‚
322 986 354 1017 ut
363 976 457 1018 retulit
467 977 637 1006 Marcellinus
645 979 672 1005 in
681 978 751 1006 bello
768 979 869 1004 Proco-
