2007 2658
511 85 632 130 'AD
688 83 1238 127 LECTOREM.

45 176 182 216 similiter
192 175 274 214 nuuc
293 177 421 224 perculi,
447 175 478 211 in
491 174 570 209 libro
582 184 639 209 xvr
649 184 674 208 1.
700 184 782 207 nunc
804 173 838 206 &
857 172 974 218 perculsi
993 171 1024 206 in
1037 182 1135 208 xvxi.
1148 174 1181 207 &
1196 185 1269 207 xxv.
1291 174 1431 210 Verbum
1446 176 1524 221 fodio
1546 191 1584 214 ex
1606 179 1692 215 tertia

47 228 267 277 conjugatione
276 227 308 260 in
317 234 451 273 quartam
465 221 603 257 transfert
617 222 814 257 Marcellinus
825 221 855 254 in
870 220 949 255 libro
960 233 998 254 xx
1008 231 1054 255 lv.
1087 222 1122 254 Id
1132 234 1162 257 a.
1177 221 1320 268 Trajamu
1332 222 1417 268 egesto
1437 225 1494 268 solo
1507 227 1598 269 fodiri
1609 230 1638 262 in
1649 241 1690 264 m,

45 290 73 314 c.
84 290 115 313 a.
126 284 290 312 curaverat.
318 273 440 309 Gaudet
449 271 542 306 etiam
555 271 773 306 mutationibus
784 280 975 317 temporum.
1000 271 1039 303 In
1055 269 1133 303 libro
1145 281 1235 304 xxii.
1264 277 1453 316 Poterantque
1473 271 1623 317 miserandi
1643 278 1692 310 [Μ-

48 328 138 362 mines
153 322 375 367 christianorum
386 320 552 368 adjumento
561 319 693 366 defendi,
717 322 745 354 m'
761 321 877 364 Georgii
887 320 949 352 odio
971 330 1068 352 omnes
1087 314 1234 364 indiscrete
1246 318 1437 364 flagrabant.-
1457 319 1506 354 ubi
1520 323 1627 357 critici
1639 325 1692 359 ad-

48 372 229 409 versantibus
240 367 395 405 codicibus
405 369 452 404 edi
464 378 602 403 curarunt
618 369 788 415 flagraffont.
818 367 907 414 Qin
918 366 970 400 etsi
981 366 1083 413 priscis
1093 366 1281 400 membranis
1300 367 1400 410 major
1410 368 1502 413 quam
1514 369 1600 404 editis
1610 371 1692 406 libris

49 421 126 458 fides
135 420 257 455 habetur
266 440 277 457 ‚
300 417 436 462 estimare
449 417 556 466 paffim
569 417 657 464 ponit
670 417 856 452 Ammianus
868 415 1065 451 Marcellinus
1077 428 1134 461 pro
1145 414 1314 461 existimare
1327 428 1336 449 :
1358 425 1389 448 ut
1401 417 1547 461 Sulpicius
1564 421 1692 454 Severus

48 471 88 506 de
98 469 167 504 Vita
181 470 211 504 S.
230 466 376 506 Martini,
401 466 541 501 Aurelius
552 466 668 501 Victor
685 466 717 500 in
734 463 921 505 Caesaribus,
943 464 1052 511 aliique
1069 463 1166 498 facere
1187 462 1419 499 consueverunt.
1445 466 1499 499 Ne
1516 465 1554 499 de
1566 466 1692 502 Nostris

44 520 169 564 loquar,
190 515 238 564 qui
248 525 407 564 utrumque
418 515 544 551 verbum
554 528 617 549 uno
627 514 799 563 eodemque
811 513 959 551 reddunt,
980 513 1104 558 estimer.
1127 512 1232 547 Utitur
1242 512 1334 546 etiam
1356 512 1515 558 saepiffime
1535 513 1596 548 sine
1607 517 1693 552 causa

45 565 145 600 verbis
163 563 405 612 frequentativis‚
430 563 481 598 sed
501 564 591 600 novis
617 567 649 598 δε
671 563 835 602 inusitatis,
856 572 888 598 ut
907 560 992 608 prisci
1004 561 1127 599 codices
1138 560 1300 600 testantur,
1322 561 1399 597 &in
1414 562 1511 596 Notis
1521 574 1586 596 non
1600 563 1692 600 semel

42 612 203 650 observare
214 613 355 649 memini.
386 616 422 648 In
435 613 515 648 libro
528 624 618 648 xxv1.
649 612 790 659 vastitatis
802 611 1045 661 propinquioribus
1065 612 1151 650 locis,
1178 622 1233 657 pro
1246 608 1376 645 vastatis.
1408 610 1499 644 Circa
1518 609 1614 645 finem
1625 612 1693 646 libri

44 674 140 699 xxx-1.
165 664 291 697 forratis
305 662 420 709 scriptis
440 663 477 700 ὠ·
500 663 628 697 recitatis
642 683 651 700 ,
663 671 750 707 utque
760 661 876 695 decebat
888 661 1087 704 contemptatis
1103 673 1110 693 :
1125 659 1175 693 ubi
1186 658 1251 693 aliae
1262 658 1411 693 editiones
1422 658 1564 694 excusum
1579 660 1693 695 habent

40 712 207 758 contemptis
229 738 237 751 ,
263 709 328 746 aliae
350 712 558 759 contemplatis.
595 713 633 746 In
654 709 700 744 his
723 708 844 753 aliisque
863 706 1012 751 ejusmodi
1032 730 1041 744 ‚
1071 706 1091 741 si
1110 707 1233 755 quando
1254 708 1391 755 peccavit
1412 711 1454 744 A.
1467 708 1689 751 Marcellinus,

42 759 64 794 fi
74 772 308 807 nonnumquam
321 759 338 792 ὲ
352 759 468 808 legibus
480 758 703 793 Grammaticae
715 756 851 791 recessit:
872 755 960 790 facile
981 756 1139 803 aequalium
1159 756 1252 792 aetatis
1265 756 1319 791 suae
1337 770 1371 790 ac
1382 755 1556 804 supparium
1571 758 1694 793 Anero-

41 820 109 844 rum
119 810 266 856 exemplo
277 805 396 843 defendi
407 805 508 854 potest
517 829 526 844 ,
539 807 590 853 qui
600 807 706 841 eadem
718 806 836 840 ratione
845 828 855 845 ‚
875 814 923 839 aut
934 805 1015 838 certe
1028 817 1093 839 non
1106 806 1206 847 multo
1217 805 1327 840 melius
1339 806 1433 839 locuti
1445 806 1514 840 sunt
1523 819 1557 841 ac
1568 806 1694 854 scripse-

41 867 112 892 runt
126 870 135 891 ε
156 855 231 892 esim
252 858 314 902 jam
327 856 495 903 Imperium
511 855 720 890 Romanum&
737 853 862 902 pristino
883 852 1045 901 splendore
1064 866 1098 888 ac
1121 855 1256 901 potentia
1268 877 1277 893 ,
1298 867 1332 888 ac
1344 853 1539 904 simullirgua
1552 856 1690 890 Latina&

40 905 134 942 veteri
160 905 307 952 elegantia
327 904 510 952 degenerare
529 903 681 951 coepiss'et.
707 905 755 938 Ut
777 903 921 938 omittam
935 903 1108 937 Ammiano
1127 903 1247 938 homini
1267 903 1531 952 Graecolinguarn
1545 905 1690 939 Latinam

40 952 145 988 minus
155 963 261 987 notam
273 952 331 988 effe
341 951 491 992 debuiffie,
513 953 608 1001 quarn
629 952 713 989 Italis
737 953 772 989 ὃ(
794 951 902 988 ceteris
925 950 1177 987 OccidentaIJum
1190 952 1419 988 Provinciarum
1439 954 1569 993 incolis,
1582 953 1693 1002 quibus

40 1003 167 1038 Latinus
179 1000 276 1036 sermo
286 1011 349 1036 erat
360 1002 494 1038 innatus.
876 1001 879 1005 ¹
1110 1045 1120 1049 -

87 1054 125 1086 In
135 1049 331 1086 emendando
342 1051 515 1086 Ammiano
525 1052 665 1086 maximo
677 1050 750 1086 mihi
761 1050 941 1095 adjumento
954 1050 1009 1086 fuit
1023 1050 1122 1085 codex
1132 1050 1285 1085 recentior
1306 1050 1428 1098 quidem
1442 1078 1453 1090 ,
1479 1050 1527 1085 sed
1539 1064 1577 1086 ex
1590 1061 1693 1086 veter-

38 1098 121 1135 rimo
145 1112 180 1133 ac
199 1100 324 1146 optimo
344 1100 510 1147 exemplari
529 1100 712 1147 descriptus,
742 1112 836 1148 quem
849 1102 1068 1135 Colbertinurn
1090 1101 1236 1147 appello,
1260 1109 1421 1146 propterea
1433 1099 1516 1146 quod
1528 1100 1558 1134 in
1571 1100 1698 1134 Biblio-

37 1148 126 1184 theca
138 1148 320 1182 Colbertina
331 1147 473 1184 servatur.
525 1152 562 1184 In
574 1150 717 1198 eoigitur
727 1149 834 1183 codice
844 1149 921 1198 qui-fi
939 1153 981 1185 V.
995 1151 1036 1185 C.
1048 1159 1140 1183 tantae
1160 1148 1364 1183 Bibliothecae
1384 1146 1530 1195 praefeeto
1550 1148 1626 1183 mihi
1646 1147 1692 1183 est

33 1195 254 1233 commodatus
266 1219 276 1235 ,
303 1197 434 1244 plurima
446 1198 562 1245 reperi,
589 1199 690 1233 multo
711 1197 805 1245 quam
826 1197 857 1232 in
869 1199 1014 1233 omnibus
1029 1198 1188 1232 Ammiani
1201 1199 1250 1233 M.
1263 1197 1447 1231 editionibus
1457 1197 1667 1232 emendatiora
1679 1211 1691 1233 τ

33 1258 108 1295 quas
126 1245 378 1288 emendationes,
402 1247 548 1293 quoniam
572 1246 742 1282 certiffimae
760 1257 866 1286 erant,
894 1247 972 1294 sequi
993 1260 1058 1282 non
1069 1246 1213 1282 dubitavi.
1239 1247 1354 1280 Earum
1366 1245 1619 1280 emendationum
1630 1244 1692 1280 five

34 1294 257 1330 restitutionum
269 1307 302 1328 ac
315 1294 488 1329 leecionum
500 1296 610 1341 partim
626 1296 820 1330 mentionem
830 1296 861 1330 in
873 1296 972 1331 Notis
983 1295 1061 1336 feci,
1078 1295 1187 1343 partim
1198 1295 1291 1329 etiam
1303 1293 1403 1330 omifi.
1433 1294 1554 1328 Omiffa
1564 1294 1690 1328 tanturn

33 1343 184 1392 attingam
197 1344 338 1392 paneade
350 1343 464 1380 multis.
494 1345 653 1380 Omnium
671 1345 755 1379 enim
775 1357 883 1380 eorum
907 1357 973 1394 quae
991 1354 1100 1379 notare
1115 1343 1228 1378 oblitus
1239 1343 1302 1377 sum
1313 1364 1324 1380 ,
1346 1355 1428 1378 nunc
1440 1342 1611 1377 meminiffe
1621 1354 1690 1376 non

38 1392 168 1440 possum.
1420 1397 1422 1400 ’

84 1444 124 1476 In
135 1440 213 1476 libro
224 1451 297 1475 xvt.
309 1444 380 1488 pag}
397 1451 410 1473 1
420 1453 468 1484 25.
482 1440 521 1475 de
535 1439 711 1474 Alexandro
725 1443 845 1490 Magno
856 1440 1001 1488 scriptum
1012 1440 1149 1475 invenio,
1181 1446 1223 1472 Ut
1232 1435 1297 1471 ciem
1307 1448 1459 1471 nervorum
1468 1439 1595 1483 vigorem
1610 1439 1691 1486 sopor

36 1490 155 1536 laxasset
173 1488 289 1535 infusm.
316 1488 418 1524 Uti&
429 1488 644 1523 Rittershufius
657 1489 688 1522 in
700 1490 883 1535 Ligurinum
893 1487 1091 1522 emendavit:
1118 1484 1194 1521 curn
1217 1497 1373 1521 nervorum
1390 1487 1518 1531 rigorem
1529 1487 1597 1521 libri
1614 1486 1689 1524 editi

34 1537 210 1572 obtrudant.

85 1589 121 1620 In
133 1584 211 1619 libro
223 1597 261 1618 xx
271 1595 282 1617 1
292 1595 318 1621 Ι.
333 1597 403 1633 pag.
418 1597 496 1632 327.
512 1584 549 1619 de
560 1585 683 1629 Juliano
695 1582 887 1618 Christianos
896 1584 977 1618 inter
988 1581 1017 1618 se
1027 1582 1164 1630 maligne
1175 1583 1402 1618 committente.
1420 1584 1587 1629 Dissidentes
1598 1585 1687 1620 clm:

29 1632 190 1682 stianorum
203 1631 380 1679 antistitem,
393 1645 421 1679 p.
434 1636 463 1670 d.
485 1636 515 1667 in
532 1636 676 1669 Palatium
696 1633 862 1679 intromiffirs
884 1635 1015 1668 monebat
1037 1628 1170 1671 civitais,
1195 1643 1227 1667 ut
1246 1633 1391 1679 discordiis
1409 1631 1554 1679 consopitis
1569 1634 1688 1680 quisque

33 1684 112 1718 nullo
123 1691 239 1716 vetante
250 1683 378 1727 religioni
397 1682 448 1726 (im
469 1683 589 1728 serviret
600 1683 768 1726 intrepidus.
796 1682 845 1715 Sic
858 1681 956 1716 codex
969 1681 1185 1723 Colbertinus3
1212 1680 1252 1715 fic
1263 1684 1294 1715 &
1311 1681 1503 1716 Florentinus
1515 1681 1532 1715 a
1546 1683 1687 1716 Linden-

31 1730 272 1778 brogiolecffiis:
299 1725 416 1765 cum-in
427 1731 514 1766 editis
525 1731 649 1779 legatur.
675 1731 743 1777 Diff.
758 1730 827 1764 chr.
841 1739 947 1766 Amat.
960 1726 1030 1776 fud.
1042 1733 1062 1766 i.
1080 1741 1110 1776 p.
1132 1733 1153 1766 ι’.
1173 1731 1304 1764 monebat
1317 1757 1326 1769 ,
1355 1740 1386 1763 ut
1404 1731 1530 1765 civilibus
1543 1731 1686 1776 discordiis

32 1780 176 1825 confipt'tis
187 1801 197 1816 ,
211 1781 275 1819 δίς.
304 1778 408 1814 minus
418 1778 507 1815 bene.
534 1775 792 1814 Monobatcrvilids
805 1806 812 1819 ,
824 1777 852 1812 id
864 1777 907 1828 est
918 1801 928 1818 ‚
941 1778 1130 1814 admonebat
1153 1779 1284 1813 comiter
1294 1800 1304 1817 ‚
1316 1779 1351 1813 δε
1362 1777 1495 1812 humane*
1505 1794 1513 1820 3
1525 1778 1686 1826 principali

31 1826 106 1863 fastu
118 1826 257 1873 deposito
267 1826 450 1865 hortabatur.
481 1830 557 1863 Hoc
568 1827 599 1862 in
612 1827 785 1863 Ammiano
795 1834 914 1863 mutare
926 1840 959 1862 ac
970 1829 1134 1864 emendare
1143 1851 1151 1866 ‚
1166 1831 1196 1862 δε
1210 1828 1241 1862 in
1252 1826 1350 1862 Notis
1361 1838 1438 1862 meis
1450 1827 1609 1863 observare
1617 1840 1685 1862 non

33 1887 177 1913 memini.
344 1914 364 1915 ff
386 1883 388 1887 '

83 1928 120 1960 In
132 1925 210 1958 libro
225 1937 295 1958 xxv.
313 1937 380 1973 pag.
396 1936 478 1970 453.
491 1926 528 1960 de
540 1926 661 1971 Juliano
674 1929 715 1963 A.
730 1927 871 1962 Audenter
892 1928 1049 1975 effunderet
1064 1925 1156 1973 semet
1173 1928 1201 1960 in
1219 1938 1357 1975 pugnam.
1395 1925 1460 1973 Qi
1479 1923 1574 1960 solam
1594 1925 1698 1959 aucla-v

34 1973 113 2016 ciam
128 1974 193 2008 viro
203 1971 370 2008 fortiffimo
382 1976 483 2009 tribuit
495 2002 505 2017 ,
532 1975 632 2009 minus
642 1975 752 2023 aliquid
767 1977 860 2022 quam
874 1989 925 2024 par
935 1975 969 2010 {it
981 1975 1109 2010 tribuere
1120 1976 1244 2010 videtur.
1260 1979 1296 2011 P.
1307 1974 1487 2010 Pithoeusin
1498 1974 1606 2009 codice
1613 1977 1681 2009 Va-

34 2023 153 2064 lentino
166 2035 221 2069 pro
232 2025 370 2056 audenter
380 2023 481 2072 legifl'e
502 2022 531 2058 se
541 2026 675 2059 ardenter
686 2025 805 2058 notavit
817 2024 852 2059 ad
864 2037 950 2060 oram
966 2024 1127 2059 Ammiani
1137 2023 1177 2059 sui
1190 2038 1197 2059 :
1220 2024 1301 2058 idem
1322 2025 1381 2071 legi
1394 2022 1468 2059 &in
1481 2023 1587 2057 codice
1601 2022 1684 2056 col-

34 2071 179 2113 bertium⁴
196 2070 329 2106 ardorem
341 2072 463 2116 juliano
473 2072 607 2108 (imiliter
619 2073 721 2108 tribuit
741 2085 807 2108 non
818 2072 911 2108 semel
923 2076 965 2108 A.
977 2073 1116 2108 Vietoris
1127 2075 1289 2121 Epitonte.
1317 2071 1446 2116 comque
1465 2071 1615 2117 inconsulto
1634 2083 1683 2104 ar-

34 2122 104 2164 dore
121 2121 223 2156 nititur
244 2121 355 2155 ordines
375 2122 414 2155 ad
429 2123 561 2169 proelium
581 2129 743 2170 componere
761 2149 772 2163 ,
802 2123 841 2158 ab
857 2135 912 2158 uno
932 2135 968 2157 ex
988 2122 1107 2171 hostibus
1129 2125 1164 2162 ά
1184 2124 1298 2169 quidem
1322 2121 1457 2167 fugiente
1476 2143 1487 2160 ‚
1507 2119 1597 2155 ‘conto
1611 2131 1682 2168 per-

32 2179 151 2207 cutitur.
479 2185 492 2199 ι
1274 2184 1280 2189 ·

82 2220 120 2253 In
134 2217 212 2255 libro
224 2231 296 2254 xxv.
309 2231 379 2268 pag.
395 2231 475 2266 459.
504 2219 541 2254 de
553 2219 661 2265 Juliani
673 2222 714 2256 A.
726 2218 906 2269 frugalitate.
935 2227 1073 2268 Namque
1090 2222 1120 2254 in
1137 2231 1210 2268 ‘vace
1220 2216 1314 2253 υἰὲῖιῖς
1328 2216 1388 2264 ejus
1400 2217 1529 2264 menfirra
1539 2225 1628 2261 atque
1638 2225 1682 2250 te-

35 2268 127 2302 nuitas
136 2277 198 2302 erat
208 2264 282 2302 recle
291 2268 464 2314 noscentibus
475 2269 662 2306 admiranda.
689 2271 735 2304 Ita
755 2270 853 2305 codex
869 2269 1071 2304 Colbertinus
1085 2291 1094 2307 ,
1117 2268 1257 2311 optime:
1280 2265 1357 2314 quali
1368 2265 1505 2310 Julianus
1516 2266 1589 2300 certi
1603 2277 1685 2312 pun-

33 2313 111 2357 detis
119 2328 152 2353 ac
163 2315 307 2352 mensurae
321 2317 396 2352 cibis
405 2317 542 2366 vinoque
550 2327 693 2354 uteretur.
719 2320 766 2355 At
790 2319 821 2355 in
846 2319 975 2368 vulgatis
989 2319 1070 2355 libris
1081 2314 1170 2354 victae
1185 2316 1246 2361 ejus
1259 2315 1477 2362 menssrrumque
1487 2316 1608 2350 tenuitas
1620 2324 1686 2348 tau-
