2007 2658
580 55 1558 122 DEDICATIO.

241 181 369 250 potui
389 178 447 228 ad
471 175 600 227 istam
619 174 947 225 absolutionem
971 176 1100 232 vitae,
1107 191 1258 243 quam
1289 172 1493 244 iapientis
1512 168 1598 222 effe
1614 170 1899 255 statuebant,

241 274 317 306 me
339 249 700 325 propinquasse,
732 269 875 320 quum
893 250 1052 298 nullis
1057 250 1228 300 umbris
1254 267 1340 300 aut
1362 249 1558 300 tenebris
1589 250 1901 319 cognitionem

242 334 336 398 ejus
375 365 387 387 ,
422 329 546 398 quod
604 326 795 376 antehac
838 324 1066 375 inscrutari
1094 325 1319 386 arcebar,
1351 326 1602 377 vetantibus
1627 326 1785 376 liceret
1802 345 1907 396 per-

241 406 410 456 feetam
434 406 690 455 Gratiarum
712 404 919 452 omnium
937 404 1261 471 Venerumque
1276 442 1289 466 ‚
1306 403 1470 473 quibus
1485 402 1714 452 audieram
1747 401 1913 453 1efe1ta

243 480 331 532 effe
351 481 522 543 studia,
554 483 866 529 amoenitatem
889 477 1114 528 affluenter
1142 477 1331 527 haurire
1345 515 1377 536 ⁷
1401 487 1446 529 &
1472 478 1628 529 oculos
1665 477 1696 527 s
1700 478 1794 528 mul
1813 497 1908 529 ma—

243 558 416 628 nusque
442 575 494 606 ac
521 557 659 626 pedes
682 555 864 626 pascere
887 554 1168 624 peragrando
1197 554 1377 603 illatam
1393 555 1629 604 nobilitata
1641 555 1906 606 icnmomm

245 638 290 683 S.
317 636 549 684 Laurentii
575 634 726 702 spatia·
801 631 934 701 Qid
972 649 1113 700 quum
1151 648 1408 681 occufferet
1428 631 1508 680 illa
1533 630 1660 680 turba
1683 635 1904 683 variarum

245 729 397 762 rerum
422 726 658 780 tantopere
690 708 923 779 profutura
942 744 956 765 ,
988 706 1020 755 fi
1047 725 1138 755 non
1176 707 1334 757 lateret
1363 743 1385 764 ‚.
1412 723 1524 777 quas
1554 725 1642 755 nec
1669 705 1810 757 fando
1839 711 1905 757 in-

244 787 384 837 dicari
411 788 700 845 audiveram,
724 786 810 835 nee
832 784 1159 855 appellationes
1185 801 1388 854 unquam
1411 799 1708 852 percepetam
1737 795 1761 832 ξ’
1792 788 1912 835 Haec·

245 863 462 934 profesto
490 866 633 933 quum
667 863 833 932 partim
872 861 1096 930 adspicere
1124 869 1173 912 ⁷&
1214 861 1488 920 recensere„
1527 861 1689 930 partim
1728 863 1775 910 in
1802 862 1915 912 alias·

243 940 422 990 chartas
449 938 679 1007 conjicere
704 938 1012 1008 chirographo
1038 955 1144 987 meo
1160 937 1317 988 liceret
1339 958 1350 987 ε
1393 955 1545 988 nonne
1570 941 1667 1006 jure
1688 938 1916 1008 opinalSar‘

245 1018 474 1068 Idaeorum
502 1016 803 1084 Dactylorum
826 1018 1012 1066 nomina
1039 1018 1207 1065 notitiae
1229 1034 1341 1065 meae
1357 1014 1579 1065 adfundi?
1617 1019 1788 1064 Eorum
1812 1033 1907 1064 ma-

243 1094 401 1162 jestate
429 1098 568 1144 vitam
597 1091 656 1143 ab
684 1090 930 1142 terroribus
967 1093 1124 1142 servari
1164 1094 1390 1142 immerito
1427 1100 1472 1142 &
1506 1090 1627 1167 Fatue
1651 1089 1908 1141 statuebant

245 1169 450 1238 gentiles.
525 1175 629 1237 Ego
650 1184 876 1219 verotum
892 1186 992 1217 uon
1033 1171 1176 1256 magis
1209 1168 1391 1238 p1aevidi
1421 1204 1434 1228 ,
1469 1161 1608 1238 quam
1642 1165 1797 1237 postea
1833 1187 1909 1217 ex-

244 1261 398 1315 pertus
423 1245 558 1296 sum
546 1264 592 1295 ιιι
619 1245 706 1295 ill-is
744 1245 973 1313 tranquilli
997 1249 1119 1306 otii,
1156 1248 1203 1295 in
1240 1244 1327 1294 illis
1368 1262 1540 1296 arcanae
1564 1246 1826 1316 sapientiae,
1860 1247 1913 1295 in

243 1323 330 1372 illis
354 1326 454 1372 vitae
482 1325 802 1373 convenienter
828 1322 1012 1387 agendae
1038 1329 1083 1370 &
1112 1323 1330 1391 principia
1353 1329 1399 1371 δε
1418 1319 1627 1390 profecto
1651 1317 1910 1370 firmamen-
1982 1319 1988 1321 ’

246 1415 295 1449 ta
323 1397 424 1449 effe.
503 1399 757 1468 Equidem
746 1416 793 1445 in
819 1397 900 1447 ista
924 1395 1178 1484 prolusione
1206 1396 1319 1446 adeo
1341 1416 1416 1447 me
1443 1397 1540 1446 haec
1561 1395 1834 1465 expleBant‚
1859 1411 1910 1445 ut

247 1479 456 1526 omniu-m
480 1475 668 1524 aliamm
694 1490 842 1522 rerum
870 1477 1110 1522 immemor
1136 1476 1182 1522 iu
1210 1490 1357 1524 novos
1377 1469 1615 1543 verosque
1619 1484 1713 1521 non
1735 1471 1912 1541 Hespe-

247 1552 436 1612 fidum,
471 1551 546 1601 sed
569 1553 731 1620 Copiae
770 1548 901 1618 ipsus
938 1564 1014 1598 aut
1046 1551 1262 1599 Minervae
1298 1548 1506 1599 Paciferae
1554 1548 1710 1596 hortos
1737 1546 1915 1597 delatus

245 1631 334 1682 frui
360 1648 456 1681 tam
482 1626 632 1678 fausto
650 1629 889 1684 nominum
914 1624 1180 1676 &laborum
1203 1628 1404 1694 p1iorum
1427 1623 1652 1700 consortio
1673 1621 1909 1691 gestirem,

248 1708 421 1777 singula
445 1706 603 1756 scrinia
619 1703 742 1754 velut
767 1701 920 1751 altaria
943 1701 1136 1752 totidem
1152 1702 1409 1752 altitudini
1397 1695 1683 1774 mgeniorum
1697 1697 1755 1748 ab
1782 1702 1908 1750 Divis

249 1783 478 1836 Heioibus
499 1781 720 1831 Mediceis
737 1779 894 1828 dicata
917 1777 1157 1847 spe&ans·,.
1182 1782 1297 1829 inter
1310 1796 1409 1848 quae
1427 1793 1646 1847 tanquam
1661 1775 1905 1826 Biachma-

248 1879 360 1911 num
386 1860 569 1929 aliquis,
581 1873 630 1906 ut
655 1856 746 1924 ipse
771 1855 953 1906 testatur
977 1853 1052 1904 hic
1075 1854 1282 1943 scriptor,
1303 1855 1562 1924 spanatus&
1577 1870 1770 1921 operans
1792 1853 1911 1904 nihil

248 1955 449 1987 morarer
484 1936 591 1985 alias
624 1933 801 1992 causas,
826 1932 888 1982 ob
919 1949 1029 2002 quas
1050 1935 1275 2004 peregrini
1306 1931 1480 1981 Italiam
1507 1927 1699 1987 vifitant.
1771 1931 1912 2000 Qin

246 2016 381 2064 etiam
405 2015 553 2082 potuit
575 2012 651 2061 hic
682 2007 855 2058 adfixus
873 2008 936 2057 illi
961 2007 1149 2078 augusto
1165 1998 1491 2080 Camoenarum
1514 2005 1801 2079 receptaculo
1815 2009 1908 2057 ani-

245 2106 345 2138 mus
375 2087 644 2139 Celfitudini
665 2088 782 2136 Tuae
800 2086 1012 2156 placere3
1057 2100 1197 2156 utque
1220 2083 1460 2135 nutriendo
1492 2088 1791 2154 propagatos,
1802 2088 1905 2133 Doa

246 2168 368 2216 mine
384 2204 400 2229 ,
427 2165 548 2216 hanc
575 2161 889 2216 adfiduitatem
915 2166 1068 2216 meam
1093 2202 1110 2227 ,
1148 2169 1194 2214 &
1222 2160 1448 2233 quidquid
1472 2164 1609 2213 tacito
1629 2159 1791 2213 seceffu
1818 2159 1912 2212 col»-
