2007 2658
289 122 390 176 ²34
635 97 758 152 LlB.
780 103 910 153 XIX.
934 101 1079 151 CAP.
1096 99 1184 152 VI.
1457 102 1683 129 mmmm
1696 103 1912 138 Aue-tuream

1212 170 1215 172 Β
1486 134 1591 168 Hypatio
1601 134 1668 161 Coss'.
1680 140 1752 162 Anno
1761 136 1821 164 Chr.
1832 146 1891 170 ³59·

289 196 378 226 ante
400 180 520 238 pedes
531 179 720 238 pharetris
732 210 744 230 ‚
776 188 791 215 9
803 180 980 237 clamoris
993 179 1188 222 ululabilis
1206 168 1389 221 incendio
1405 178 1483 220 tela
1496 178 1646 220 summa
1668 182 1808 236 peritia
1827 175 1975 239 dispffll
2005 213 2007 224 .

289 242 441 298 geban't.
473 239 660 296 Moxque
672 240 770 280 acies
782 249 915 280 omnes
935 248 945 265 ¹
958 237 1082 279 densae
1095 237 1277 292 petebant
1290 238 1418 278 multo
1430 235 1602 277 infestius
1617 237 1735 292 quam
1761 244 1871 281 antea
1880 242 1975 286 ciffi
2004 271 2007 281 .

289 309 422 340 tatem.
451 302 468 322 ²
484 298 588 339 Inter
600 299 767 338 incertos
786 310 857 337 nos
870 297 1110 350 &ancipites
1131 294 1274 350 quibus
1296 296 1451 335 occurri
1464 294 1644 344 deberet,
1677 294 1975 343 instantibusstss
2003 329 2007 337 .

290 357 364 412 pra
385 383 397 403 ‚
429 369 475 396 an
498 354 740 396 multitudini
763 353 991 394 tranffcenstt
1016 352 1200 392 scalarum
1221 353 1303 405 jam
1327 351 1624 406 propugnacula
1646 352 1728 406 ipsa
1756 345 1973 408 prensanti‘k
2001 387 2007 404 .

290 413 484 455 dividitur
503 426 643 468 opera:
674 415 713 452 &
727 410 913 451 transsatae
934 410 1096 450 leviores
1114 409 1291 463 quinque
1303 408 1459 449 ballistae
1471 419 1608 448 contra
1620 410 1756 449 turrim
1778 410 1976 472 locantur}
2000 430 2007 456 ι.

292 484 383 525 quae
398 470 510 510 ocius
529 469 655 524 lignea
676 468 751 508 tela
773 467 978 508 fundentes
999 473 1297 520 nonnumquam
1316 465 1429 506 binos
1441 464 1620 505 forabant
1642 481 1650 506 ε
1684 466 1706 505 ὲ
1727 467 1869 521 quibus
1889 466 2003 524 pari—o

293 527 466 582 graviter
476 525 667 568 'vulnerati
688 525 868 565 ruebant:
901 523 965 563 alii
980 519 1245 562 machinarum
1257 531 1363 562 metu
1376 521 1617 562 stridentium
1642 525 1865 579 praecipites
1877 525 1951 569 affl
1980 554 1984 568 2

292 584 445 625 laniatis
460 583 690 638 corporibus
704 581 920 621 interibant.
951 579 1106 633 Qiibus
1119 577 1192 619 hac
1204 578 1397 619 celeritate
1409 577 1820 636 confe&1s‚relatisque
1831 581 1903 624 adl

294 640 400 681 sueta
411 641 615 681 tormentis
625 667 637 686 ,
668 638 801 694 paullo
812 636 979 677 securius
994 644 1005 668 ³
1021 636 1168 677 moenia
1179 637 1357 676 omniurn
1368 634 1559 677 concursu
1571 634 1892 681 defendebantur.
1966 688 1968 690 ,

294 698 484 753 quoniam
507 696 674 752 augebat
686 708 795 736 curas
807 694 976 735 militum
999 692 1199 734 scelestum
1220 691 1370 734 facinus
1382 691 1558 748 perfugae
1571 721 1584 741 ,
1612 690 1720 748 quafi
1732 694 1936 739 decurrent
1951 695 1958 709 ”

295 755 334 796 in
355 754 513 810 planum
526 783 537 799 ‚
571 755 626 794 ita
634 752 850 808 jaculantes
874 751 1024 793 diversa
1046 749 1197 791 miffilia
1217 749 1368 792 lacertis
1389 749 1557 791 fortibus
1577 750 1854 794 incumbebant
1877 781 1892 802 ‚
1931 763 1933 766 ’

295 811 457 853 4Vertae
477 812 515 851 in
533 810 733 851 meridiem
755 810 938 866 degentes
959 837 973 857 ,
996 807 1201 849 vulnerum
1220 809 1300 848 acri
1320 806 1472 864 repulsa
1493 807 1643 863 disjeffi
1663 837 1681 855 ,
1719 807 1916 866 lacryman

296 868 564 924 complurium
576 869 721 908 mdrtes
732 866 900 907 tentoria
913 874 1131 922 repeterent
1143 871 1264 905 metu.
1932 887 1936 891 -

353 926 392 966 C
406 939 430 965 A
446 939 478 966 P.
502 925 579 967 VI.
613 924 840 979 Adspiravit
860 936 994 963 auram
1013 921 1226 978 quamdam
1248 919 1378 961 salutis
1400 918 1582 968 fortuna,
1614 920 1777 963 innoxio
1798 922 1864 965 die
1883 917 1982 1080 (ΛΞ

296 980 426 1022 hostili
443 982 554 1022 clade
571 980 746 1022 emenso:
777 982 886 1031 cujus
897 980 1049 1036 reliquo
1061 991 1242 1034 tempore
1261 978 1312 1018 ad
1325 978 1498 1032 quietem
1512 976 1731 1019 reficiendis
1742 981 1929 1035 corporib
1977 997 1981 1015 ε

294 1037 391 1077 dato
401 1065 414 1086 ,
448 1038 610 1092 posterae
621 1038 717 1079 lucis
733 1038 843 1078 initio
855 1051 904 1079 ex
920 1050 1005 1077 arce
1014 1037 1253 1077 innumeram
1266 1035 1455 1074 cernimus
1468 1034 1620 1090 plebem
1633 1063 1644 1079 ‚
1674 1048 1764 1088 quae
1779 1036 1896 1079 Ziata

296 1103 371 1148 pto
391 1094 548 1136 castello
556 1095 618 1143 fad
627 1093 820 1136 hosticum
839 1094 1074 1134 ducebatur:
1104 1092 1156 1133 ad
1176 1104 1295 1146 quem
1313 1090 1447 1131 locum
1470 1101 1515 1131 ut
1531 1090 1822 1145 capacissimum
1841 1096 1997 1140 &muar

297 1151 424 1191 nitum
458 1150 482 1206 (
492 1149 620 1204 spatio
630 1152 784 1205 quippe
793 1151 928 1191 decem
942 1148 1153 1190 stadiorum
1165 1145 1369 1202 ambitur)
1400 1146 1861 1204 promiscuaconfugctat
1873 1152 1914 1194 m'
1979 1172 1991 1202 μ
2005 1189 2007 1192 ,

298 1205 442 1248 titudo.
476 1207 586 1248 Nam
599 1209 714 1248 etiam
727 1207 799 1247 alia
810 1207 1048 1247 munimenta
1060 1205 1194 1246 iisdem
1207 1204 1345 1245 diebus
1368 1210 1381 1234 5
1395 1215 1507 1258 rapta
1517 1203 1604 1244 sunt
1614 1208 1653 1245 &
1666 1205 1816 1247 incensa
1829 1235 1842 1252 ‚
1871 1206 1922 1249 u'h

295 1262 500 1305 hominum
518 1264 625 1305 milia
648 1264 821 1305 extraela
847 1263 1053 1319 complura
1078 1259 1282 1303 ⁶servituri
1301 1259 1580 1315 sequebantur:
1613 1261 1714 1302 inter
1733 1276 1836 1316 quos
1861 1264 2007 1326 mulflfl⁴

295 1319 445 1361 [εηεᾶἑι
467 1319 635 1368 infirmi,
664 1324 703 1361 ὃς
716 1320 893 1360 mulieres
906 1322 989 1374 jam
1009 1319 1227 1375 grandaevae
1240 1346 1252 1366 ,
1285 1318 1376 1358 cum
1397 1331 1446 1359 ex
1459 1318 1572 1358 variis
1591 1316 1803 1358 deficerent
1828 1314 1997 1397 caufielffi,

295 1377 441 1418 itineris
460 1376 748 1433 longinquitate
757 1375 936 1423 offensae,
966 1375 1114 1430 abje&a
1124 1374 1283 1416 vivendi
1299 1373 1546 1428 cupiditate,
1574 1372 1667 1414 suris
1679 1373 1742 1414 vel
1761 1374 1980 1434 stiffi-agini.

298 1432 370 1474 bus
391 1433 708 1488 relinquebantur
728 1433 899 1475 exseffis.
941 1432 1029 1474 Has
1038 1431 1268 1473 miserabiles
1289 1431 1436 1471 turmas
1445 1429 1551 1470 Galli
1565 1429 1705 1471 milites
1717 1433 1974 1476 contuentes

298 1490 519 1532 rationabili
540 1491 702 1546 quidem
713 1490 779 1531 sed
795 1497 808 1522 7
820 1488 1097 1544 intempestivo
1116 1499 1229 1529 motu
1245 1516 1258 1537 ,
1287 1486 1531 1528 conserendae
1553 1500 1643 1527 cum
1656 1487 1830 1529 hostibus
1842 1498 1944 1532 man
1961 1490 1965 1526 f
1986 1522 1990 1546 ἓ

299 1547 458 1601 copiam
475 1544 544 1586 fibi
563 1546 648 1587 dari
661 1545 872 1600 poscebant
888 1573 902 1592 ,
930 1554 1097 1585 mortem
1110 1544 1301 1584 Tribunis
1311 1544 1532 1584 vetantibus
1546 1543 1760 1598 primisque
1770 1546 1926 1589 ordinib
1950 1571 1971 1591 ›,

300 1603 520 1644 minitantes
532 1630 543 1648 ,
573 1601 601 1642 fi
624 1602 806 1657 deinceps
826 1600 1086 1656 prohiberent.
1116 1600 1262 1655 thue
1281 1605 1466 1639 ztentatae
1486 1601 1524 1639 in
1541 1600 1667 1640 caveis
1679 1600 1805 1642 bestiae
1816 1631 1830 1651 ,
1860 1613 1971 1656 taet

301 1659 451 1715 pedore
469 1659 643 1700 acerbius
664 1658 856 1706 efferatae,
884 1657 1076 1699 evadendi
1095 1655 1161 1712 spe
1177 1655 1373 1711 repagulis
1394 1655 1640 1697 versabilibus
1663 1656 1887 1700 illiduntur:
1908 1674 1911 1679 ·
1948 1661 1978 1673 ²

301 1716 440 1772 gladiis
460 1727 594 1771 portas
614 1716 813 1758 caedebant
827 1743 841 1763 ,
870 1728 966 1770 quas
989 1714 1103 1770 supra
1119 1713 1292 1754 diximus
1310 1712 1501 1753 obseratas
1523 1729 1532 1753 ;
1564 1713 1780 1754 admodum
1801 1716 1906 1758 anxii

303 1773 398 1814 urbe
414 1772 540 1814 excisa
556 1772 628 1828 ipfi
641 1787 803 1829 quoque
814 1771 888 1813 fine
900 1772 980 1813 ullo
992 1769 1166 1828 specioso
1176 1769 1349 1811 facinore
1358 1769 1560 1810 deleantur
1571 1798 1581 1816 ,
1612 1780 1679 1810 aut
1690 1772 1810 1813 exuta
1821 1768 1974 1828 peric

302 1829 348 1871 lis
362 1858 372 1876 ‚
403 1829 498 1870 nihil
517 1829 633 1885 egisse
654 1832 955 1886 operaepretium
977 1843 1053 1884 pro
1074 1827 1392 1883 magnanimitate
1403 1826 1555 1867 Gallica
1566 1836 1850 1870 memorentur:
1879 1830 1944 1871 lic

303 1896 415 1928 antea
425 1887 524 1942 saepe
538 1887 672 1943 egreffi
687 1914 698 1934 ,
729 1886 1011 1942 strudoresque
1020 1898 1209 1942 aggerum
1230 1886 1243 1910 ⁸
1261 1882 1444 1925 confoffis
1464 1883 1696 1939 quibusdam
1709 1885 1898 1939 impedire
1938 1893 1972 1941 ⁹,

305 1944 412 1992 nati,
441 1945 547 1999 paria
560 1945 810 1999 pertulerunt.
851 1944 996 1998 Inopes
1007 1956 1077 1984 nos
1090 1941 1260 1990 consilii,
1289 1945 1327 1982 &
1342 1941 1442 1996 quid
1457 1941 1610 1997 opponi
1621 1940 1778 1983 deberet
1788 1942 1939 1986 saevien

306 2000 376 2041 bus
396 2001 658 2057 ambigentes,
687 2001 729 2043 id
750 1999 991 2057 potissimum
1004 2032 1021 2049 ‚
1050 1999 1153 2055 aegre
1174 1998 1306 2040 iisdem
1328 1997 1651 2046 adsentientibus,
1680 1999 1837 2040 tandem
1857 2000 1906 2042 el
1922 2020 1934 2050 :—

305 2068 390 2098 mus
403 2085 416 2107 ‚
442 2068 488 2099 ut
499 2059 686 2115 quoniam
698 2059 798 2100 ultra
809 2056 898 2099 serti
908 2072 987 2099 non
1003 2066 1205 2113 poterant,
1233 2054 1442 2113 paullisper
1453 2053 1798 2098 moraticustodias
1812 2070 1890 2114 agg
1916 2083 1927 2091 -

347 2157 363 2183 9
382 2149 556 2179 Alrclamofis
566 2151 720 2180 ululatibus.
764 2161 773 2179 ι
804 2149 1081 2187 Mstensaetepebant.
1109 2159 1125 2176 2
1152 2150 1270 2182 libroi7.
1292 2149 1505 2187 deHeptastadio
1514 2148 1640 2184 loquens.
1663 2146 1746 2185 Vides

309 2186 336 2212 ηὶ
345 2187 414 2213 inter
423 2187 467 2223 ms.
474 2187 544 2225 deest.
588 2198 598 2221 3
620 2190 775 2225 Msjmoenia
783 2191 880 2217 omnia.
921 2197 937 2221 4
956 2190 1004 2226 Ms.
1013 2198 1126 2224 vcrgen-
1196 2185 1232 2221 [z
1255 2187 1338 2224 thue
1353 2189 1460 2215 demate
1474 2190 1501 2214 in
1516 2184 1722 2224 caveishestm]
1745 2188 1787 2214 Sic
1794 2185 1895 2223 vulgati
1910 2200 1914 2211 ι

310 2230 364 2250 tem
379 2225 470 2251 mend.
509 2233 522 2258 5
543 2224 592 2262 Ms
605 2235 683 2263 rapta.
725 2228 741 2253 6
761 2226 955 2263 Msservituri.
995 2235 1010 2260 7
1032 2225 1128 2264 mſsin-
1153 2223 1240 2251 cellini
1250 2223 1318 2251 libri.
1340 2225 1383 2252 Lo
1406 2228 1578 2252 uitur-aurem
1590 2222 1760 2251 Marcellinus
1769 2224 1907 2257 deseris„

311 2263 497 2296 temperativo,
536 2264 550 2290 8
571 2262 620 2299 ij
628 2261 894 2300 &Steph.c0nfufis.
1153 2260 1184 2289 ad
1200 2260 1343 2297 speci-cula
1356 2271 1390 2299 pu
1411 2261 1455 2289 lica
1480 2262 1507 2289 ὃ(
1521 2259 1743 2295 amphitheatralia
1767 2263 1852 2289 caveis

312 2309 315 2311 >
1156 2297 1327 2325 servabantur
1336 2315 1343 2326 ‚
1364 2298 1455 2336 quales
1464 2305 1542 2325 crant
1550 2299 1633 2333 tigres
1643 2313 1650 2325 ‚
1671 2296 1725 2325 urfi
1735 2317 1742 2329 .
1758 2298 1878 2330 leona„

1155 2335 1262 2374 pinanti,
1279 2335 1462 2373 magnitudine
1477 2337 1573 2372 utique
1588 2332 1668 2362 sua&
1679 2335 1796 2368 viribus,
1816 2332 1898 2374 quan
1911 2349 1913 2355 ι
1976 2356 1979 2359 >
1998 2332 2002 2340 ⁴

309 2323 353 2362 lib.
366 2337 387 2362 ς.
407 2330 452 2358 ubi
460 2330 602 2360 seleuciam
609 2333 641 2360 ad
649 2335 786 2364 Orontem
795 2333 921 2364 describit
930 2352 937 2365 ‚
959 2333 987 2364 &
997 2334 1094 2365 Strabo
1103 2335 1131 2365 in
