2007 2658
104 105 321 129 conflari-rius
341 92 559 123 Aue.constantio
567 93 627 125 Aug.
642 92 700 115 vu.
718 92 742 117 ες
754 91 822 117 com

105 135 190 161 nautio
200 135 270 160 eauo
283 123 622 162 cat,111.c01r.annochx.
634 131 689 156 35⁶..
934 92 1054 139 LIB.
1070 92 1178 142 XV.
1206 98 1348 146 CAP.
1373 99 1453 148 ῙΙῙ.
1604 110 1667 164 75⁹

23 175 244 220 indiscrete:
276 187 352 214 non
365 168 666 224 utdeCibyratae
686 165 744 206 illi
765 165 923 207 Verrini
943 195 953 212 ,
986 165 1152 207 tribunal
1178 171 1288 210 unius
1304 171 1420 225 legati
1439 173 1645 215 lambentes
1658 202 1671 222 ‚

25 233 90 276 sed
100 233 219 287 Reip.
232 228 396 271 membra
406 226 522 267 totius
534 238 601 279 per
614 222 823 265 incidentia
833 222 932 263 mala
942 232 1135 265 vexantes.
1167 225 1272 265 Inter
1293 240 1392 279 quos
1407 228 1519 269 facile
1529 231 1670 271 Paulus

25 295 65 333 δε
79 288 293 332 Mercurius
303 282 535 324 eminebant:
568 280 632 321 hic
644 280 792 334 origine
802 279 937 328 Persa;
966 279 983 306 f
996 279 1059 319 ille
1071 288 1180 319 natus
1194 281 1231 320 in
1246 283 1384 324 Dacia:
1419 284 1612 327 Notarius
1624 287 1670 327 il-

28 348 86 396 1e3
117 353 135 381 g
145 344 208 386 hic
218 355 265 383 ex
276 340 331 375 9¹¹5
348 337 517 379 ministro
529 338 684 378 triclinii
697 337 928 379 Rationalis.
960 335 1013 377 Et
1025 335 1148 376 Paulo
1159 336 1320 390 quidem
1336 368 1347 386 ‚
1377 349 1421 378 ut
1433 341 1592 381 relatum
1616 343 1669 383 est

28 401 141 457 supra
159 427 171 448 ,
196 399 351 439 Catenae
368 395 535 436 inditum
554 394 608 435 est
628 402 935 450 cognomentum
959 420 973 441 ,
1002 407 1049 433 eo
1073 392 1187 447 quod
1205 393 1245 433 in
1266 395 1544 447 complicandis
1566 398 1670 438 calu-

31 459 211 500 mniarum
223 453 381 493 nexibus
393 462 472 492 erat
485 451 752 493 indissolubilis
765 479 778 499 ,
810 460 820 478 ¹
842 450 861 478 k
878 460 990 491 taetra
999 463 1144 491 venena
1160 449 1279 490 serens
1293 477 1306 497 ,
1335 449 1517 504 varieque
1528 454 1672 507 disper,

31 515 140 556 dens:
169 509 263 550 utin
276 509 612 550 colluctationibus
623 517 639 534 2
657 509 664 536 ¹
676 509 780 548 calce
788 519 914 549 tenere
924 506 1085 562 quidam
1098 505 1219 546 solent
1231 512 1258 530 ¹1¹
1269 505 1433 546 artifices
1446 506 1669 560 palaestritae.

66 587 83 612 9
98 576 144 612 Mfi
159 575 173 603 ὲι
188 576 320 603 ministro.
353 587 364 603 1
383 574 430 610 Mfi
438 577 542 603 intrain
551 584 682 603 venerum
691 575 744 602 sese
751 577 835 603 varie-

31 621 83 641 tate
89 613 252 650 dispendens.
273 622 288 639 2
298 611 346 649 Ms
353 613 517 641 calrenemis.

63 683 81 712 d
99 684 221 721 Cibyratae
236 684 272 711 illi
286 685 416 721 Verrini.]
442 682 612 719 Tlepolemus
627 680 694 717 puta
711 682 832 708 &Hiero

0 734 1 756 3
27 721 122 750 fratres
139 722 274 758 Cibyratae
290 742 297 752 ,
319 722 467 757 rapinarum
482 719 636 754 odorisequi
653 719 734 747 miri,
762 726 832 752 quos

27 758 87 786 ideo
96 761 194 788 Verres
204 758 293 786 secum
302 760 328 784 in
340 757 448 785 Siciliam
458 756 579 784 duxerat.
598 757 686 783 Cicer.
694 763 751 781 vu.
766 757 833 782 Ver-

27 797 78 824 rin.
95 795 172 824 Lind.

63 841 79 859 e
97 832 220 870 Cibyraz‘ae
235 833 271 859 illi
280 833 380 859 Verrini
387 848 394 860 ,
413 829 530 857 tribunal
541 830 615 856 unius
630 829 708 864 legati
720 826 833 854 lamben-

27 870 96 905 ten]
113 870 236 896 Imitatur
251 870 410 896 Ciceronem
419 884 426 895 ‚
448 870 495 902 qui
503 868 528 894 in
537 867 642 893 afflone
653 875 674 898 3.
683 868 709 892 in
720 868 832 893 Verrem

28 903 63 932 fic
70 907 122 932 ait:
139 904 215 942 Qd
225 905 272 940 ista
287 904 382 935 cohors,
400 913 502 941 quorum
517 904 644 930 hominum
665 902 698 937 est
713 903 722 928 ἲ
743 900 835 937 Volufii

27 941 177 978 haruspicis,
199 938 233 970 &⁴
247 940 356 968 Cornelii
370 940 458 968 medici
472 957 479 968 a
501 937 535 971 &⁵
549 940 635 967 horum
650 948 753 968 canum,
772 947 833 974 qnos

27 977 141 1006 tribunal
147 986 229 1005 meum
236 976 309 1004 vides
317 976 433 1005 lambere.
454 978 506 1004 Ubi
514 986 609 1005 canum
617 978 727 1004 nomine
735 975 833 1012 Tlepo-

24 1014 126 1043 lemum
136 1016 164 1043 &
173 1015 322 1041 Hieronem
335 1015 458 1050 intelligit
475 1016 571 1042 fratres
581 1014 721 1051 Cibyratas
729 1031 736 1042 ,
762 1021 832 1049 quos

27 1053 104 1079 etiam
114 1052 283 1088 Cibyraticos
299 1060 376 1078 canes
390 1051 499 1088 appellat
515 1053 542 1078 in
556 1051 598 1078 lib.
617 1060 641 1083 4.
657 1053 683 1078 in
701 1053 814 1078 Verrem
824 1066 831 1077 ‚

27 1088 69 1115 his
77 1089 182 1116 verbis:
203 1087 284 1114 Simul
298 1093 373 1124 atque
387 1091 413 1115 in
429 1087 762 1125 opidi-‘maliqtiodvenerar2
786 1089 833 1113 im-

28 1124 193 1152 mittebantur
208 1123 248 1151 illi
263 1125 375 1152 continuo*
382 1124 520 1160 Cibyratici
532 1135 619 1154 canes,
638 1127 682 1161 qui
696 1123 834 1160 investiga-

28 1160 91 1188 bant
104 1157 139 1191 &⁴
147 1160 368 1198 per-‘scrutabantur
381 1164 470 1189 omnia.
487 1164 514 1189 ὅτ.
530 1162 580 1189 alio
597 1161 673 1188 loco:
695 1163 790 1188 Mirum
807 1163 832 1187 in

26 1197 124 1225 modum
132 1206 205 1223 canes
211 1199 341 1224 venaticos
353 1197 461 1227 diceres:
480 1201 519 1225 ita
527 1197 692 1226 odorabantur
706 1200 788 1225 omnia
798 1195 832 1228 ὼ·

23 1232 239 1271 pervestigabant,
258 1233 340 1261 Vales.

61 1269 79 1297 f
90 1270 132 1298 Ille
139 1272 364 1308 natusinDacia.]
386 1272 483 1300 Paulus
499 1271 594 1299 scilicet
603 1272 744 1299 Notarius.
782 1272 831 1298 At-

26 1309 106 1344 quiin
116 1306 206 1339 lib.14.
223 1317 280 1334 non
296 1308 393 1343 procul
408 1309 438 1336 ab
453 1311 530 1336 initio
546 1309 619 1336 hunc
635 1309 758 1336 eumdem
766 1310 832 1336 Pan-

26 1344 117 1372 lumin
126 1343 247 1380 Hispania
262 1352 354 1372 natum
368 1345 418 1371 effe
427 1345 545 1373 dixerat:
565 1353 596 1372 ut
604 1347 630 1371 in
638 1347 723 1373 altero
731 1345 831 1371 horum

25 1380 151 1408 locorum
159 1380 450 1409 mendumesseneceffe
459 1382 499 1408 fit.
521 1381 538 1397 ³*
559 1379 645 1408 Certe
659 1383 686 1408 in
701 1381 764 1407 afris
777 1381 831 1417 pas—

25 1416 108 1444 fionis
123 1419 210 1452 magni
224 1418 353 1452 Martyris
369 1419 497 1448 Artemii,
516 1418 557 1445 hic
572 1417 668 1444 Paulus
683 1418 830 1446 Notarius,

26 1453 159 1489 Hispanus
167 1454 272 1481 dicitur.
291 1453 308 1469 ²*
323 1453 398 1482 Idem.

65 1499 84 1525 g
101 1490 143 1517 [He
150 1490 259 1526 minister
266 1490 371 1517 triclinii
381 1490 556 1527 Rationalis]
580 1488 629 1517 Ms.
646 1489 689 1517 Me
698 1489 714 1516 ἁ
722 1489 831 1525 miniflro

25 1528 57 1553 ἵε.
66 1527 83 1553 ἀ
91 1526 223 1559 mimsterio
228 1526 294 1552 tricl.
323 1527 402 1553 Lind.

63 1562 82 1588 h
99 1562 142 1588 loe
154 1562 264 1596 minister
279 1562 385 1589 triclinii
399 1561 572 1599 Rationalis]
595 1560 771 1588 Restituirnus
787 1559 832 1586 hic

24 1597 166 1626 lefflonem
179 1597 312 1625 Editionis
328 1599 472 1626 Romanae‚
494 1600 537 1625 cui
552 1598 637 1625 codex
644 1600 785 1625 Vaticanus
803 1599 830 1624 Sc

25 1634 181 1662 Valentinus
204 1633 477 1672 [Colbertinusque]
499 1634 682 1662 subscribunt:
702 1643 731 1661 ea
738 1634 774 1661 est
782 1634 832 1661 hu-

25 1669 156 1706 jusmodi:
178 1672 300 1699 Notarius
313 1671 365 1701 iHe,
383 1671 423 1699 hic
438 1671 455 1698 ιὶ
469 1671 578 1708 ministro
592 1671 699 1698 triclinii
707 1673 832 1698 Rationa-

1 1727 3 1734 Α
26 1707 66 1735 lis.
86 1708 132 1736 Ait
141 1708 210 1734 enim
220 1708 389 1736 Marcellinus
401 1710 567 1736 Mercurium
583 1708 654 1736 hunc
663 1707 830 1736 Rationalem

0 1747 2 1751 ’
24 1742 119 1774 fuiffe,
135 1741 195 1771 cum
203 1743 275 1781 prius
289 1745 408 1772 minister
424 1745 512 1773 fuisset
527 1745 590 1773 sacri
604 1745 728 1773 triclinii:
748 1745 832 1780 idque

0 1796 1 1806 l
26 1779 72 1808 fibi
81 1779 179 1808 volunt
194 1781 248 1809 haec
263 1782 357 1813 verba,
376 1782 394 1809 ὰ
407 1782 629 1818 ministrotriclinii
638 1792 643 1810 :
664 1789 695 1810 ut
704 1782 772 1818 apud
780 1783 833 1808 Ta-

26 1818 110 1845 citum
118 1819 144 1843 in
153 1816 195 1843 lib.
205 1825 229 1844 2.
239 1818 306 1845 Hist.
315 1818 347 1846 de
353 1819 477 1847 Vitellio:
497 1817 662 1854 Praepoficerat
673 1820 833 1846 Praetorianis

0 1866 2 1872 ’
26 1855 55 1881 Ρ.
71 1851 191 1881 Sabinum
208 1853 224 1880 d
239 1854 387 1891 Prafiffura
401 1856 512 1883 cohortis.
538 1856 626 1883 Malim
643 1863 729 1883 tamen
740 1855 830 1884 scribi,

0 1901 5 1928 ξ
25 1899 57 1917 ex
65 1888 302 1924 Ministrotriclinii:
321 1900 409 1928 neque
425 1892 499 1919 aliter
509 1891 523 1919 a
534 1892 687 1920 Marcellino
704 1894 832 1929 scriptum

0 1933 6 1955 ξ
25 1926 102 1954 fuiffe
111 1925 240 1953 existimo.
260 1927 312 1954 Sed
319 1937 400 1956 cori-u
422 1928 598 1956 tionicausam
607 1928 678 1955 dedit
686 1938 703 1955 a
715 1931 741 1958 &
751 1929 835 1956 xlite-

3 1983 5 1987 Α
27 1971 119 1990 rarum
129 1962 249 1997 quaedam
258 1966 328 1991 inter
339 1964 364 1991 se
371 1938 491 1992 affipnitas.
512 1965 615 1992 Eodem
623 1967 692 1992 enim
701 1974 797 1993 errore
806 1968 834 1993 in

1 2021 4 2034 Α,
27 1998 69 2026 lib.
79 2006 117 2031 14.
129 1999 176 2025 sub
186 1998 279 2029 finem,
300 2001 384 2029 ubide
393 2002 513 2029 Adrastia
528 2002 616 2028 sermo
635 2001 685 2031 est,
704 2004 731 2029 in
746 2002 836 2030 codice

27 2036 112 2070 Regio
123 2036 149 2062 &
159 2035 286 2063 Editione
295 2038 375 2064 Rom.
386 2038 515 2074 scriptum
531 2038 646 2068 offendi,
663 2038 732 2066 ultra
734 2038 836 2073 fizcino-

28 2080 84 2099 rum
90 2073 234 2106 impiorum,
253 2082 303 2109 pro
312 2073 408 2101 ultrix:
429 2077 455 2103 δε
465 2075 637 2111 difieptarria,
656 2083 707 2110 pro
716 2074 835 2111 disi-epta-

27 2109 108 2172 255&
129 2108 246 2136 &initio
269 2109 351 2145 hujus
372 2110 453 2142 libri,
476 2111 592 2148 per-pleae
607 2130 614 2142 ,
641 2120 692 2148 pro
708 2113 833 2149 perplexe.

64 2180 80 2206 iv
99 2181 126 2207 A
140 2180 247 2217 ministro
262 2182 399 2221 triclinii]
421 2185 458 2211 Hi
472 2182 645 2211 Ministeriani
659 2183 787 2213 dicuntur
802 2187 829 2212 in

32 2213 132 2243 Codice
143 2235 150 2246 ¹
169 2218 196 2245 &
210 2227 271 2246 cum
281 2219 470 2248 Castrenfianis
483 2222 639 2256 junguntur
655 2223 682 2249 in
700 2222 782 2250 titulo
800 2222 833 2250 de

24 2249 216 2330 ‘eastrenfianis
225 2258 252 2284 δε
263 2256 458 2285 Ministerianis.
480 2259 511 2285 In
522 2259 741 2293 Notitialmperii'
749 2261 832 2286 Rom.

23 2332 27 2344 ⁴

25 2349 27 2362 l

26 2397 28 2411 l

38 2286 212 2318 misterffles
220 2294 353 2322 Dominici
360 2294 523 2330 appellantur
532 2294 580 2323 sub
594 2294 768 2331 dispositione
780 2297 833 2325 viri

28 2528 31 2572 ἒ

27 2613 31 2632 i

867 572 1016 610 Spectabilis
1025 571 1172 599 Castrensis
1187 571 1249 599 sacri
1265 571 1361 599 Palatii.
1386 574 1428 600 De
1443 571 1533 599 iisdem
1548 572 1671 609 loquitur

867 610 1037 638 Marcellinus
1052 611 1079 636 in
1096 609 1138 636 lib.
1159 618 1196 641 14.
1216 607 1276 637 cum
1293 609 1371 636 dicit:
1391 608 1484 636 Reliffo
1494 609 1592 645 palatio
1607 614 1672 637 omni

861 654 951 683 preter
960 653 1052 682 paucos
1066 648 1115 672 tori
1128 646 1250 682 ministros
1264 642 1298 676 &¹
1311 644 1403 676 menfie.
1429 648 1539 674 Horum
1554 646 1672 675 officium

864 685 1001 721 Corippus
1012 685 1037 709 in
1046 682 1087 709 lib.
1102 691 1122 715 3.
1138 682 1257 710 describit
1265 683 1304 709 his
1313 683 1449 710 versibus:

935 720 1032 755 Adfuit
1041 718 1150 755 obsequio
1159 719 1276 753 castorum
1284 719 1358 747 turba
1365 722 1487 752 virorum.

936 756 1159 792 Illlrsitmmafides
1167 754 1201 787 &¹
1206 756 1281 792 plena
1289 756 1477 792 licentlaffiiris

935 792 1070 829 Destrvire
1078 793 1137 819 locis
1144 812 1151 823 ‚
1164 800 1239 829 atque
1247 802 1324 820 aurea
1323 793 1411 829 fulcra
1415 793 1510 830 parare
1517 812 1524 822 ,

935 829 1043 865 Regales
1051 828 1146 865 menfits
1153 830 1337 866 epulisonerare
1346 829 1468 867 ficpernis.
1507 829 1589 856 Idem.

899 865 917 891 k
937 869 1018 893 Taetra
1027 866 1231 902 venenafhrens,
1249 870 1371 904 varieque
1387 867 1556 905 disperdens]
1580 865 1672 899 Huius

864 901 987 930 leetionis
1006 905 1109 939 primus
1125 904 1220 930 auetor
1236 904 1288 931 fuit
1298 904 1474 932 Reasteuus.
1494 906 1563 933 Nam
1573 906 1598 931 in
1608 903 1672 930 Edi-

864 940 939 966 tione
947 941 1027 967 Rom.
1037 940 1163 976 scriptum
1180 948 1251 967 erat:
1271 945 1344 968 Intra
1360 940 1570 976 inveneruntsese
1584 943 1674 967 varie-

863 981 916 1002 tate
930 976 956 1003 di
982 977 1078 1004 endem.
1096 986 1184 1012 neque
1197 978 1272 1005 aliter
1287 980 1314 1005 in
1331 981 1458 1013 Vaticano
1474 988 1501 1005 ac
1512 978 1673 1005 Florentino

863 1013 946 1040 codici
967 1023 1015 1041 us:
1035 1013 1081 1041 nisi
1093 1013 1168 1049 quod
1177 1014 1201 1040 hi
1211 1015 1303 1041 liabent
1318 1012 1474 1050 inveneram.
1494 1017 1673 1050 Antiquarius

863 1051 1034 1085 quicodicem
1043 1053 1156 1086 Regium
1173 1050 1320 1087 descripsit,
1341 1051 1401 1080 cum
1411 1048 1578 1079 liiii'a'clocum
1594 1052 1674 1078 nimis

862 1087 1032 1123 depravatum
1041 1087 1158 1118 videret,
1178 1088 1295 1115 lacunam
1311 1090 1463 1124 relinquere
1480 1088 1588 1115 maluit:
1608 1088 1673 1114 duas

864 1123 969 1152 tantum
979 1125 1084 1153 ultimas
1093 1134 1173 1152 voces
1183 1124 1304 1152 distinete
1321 1128 1448 1155 retinuit,
1469 1132 1555 1161 prout
1566 1125 1594 1150 in
1612 1124 1675 1151 scri-

863 1163 915 1197 Ptis
924 1162 1116 1198 exemplaribus
1132 1161 1182 1197 legi
1192 1161 1316 1189 diximus.
1343 1160 1428 1196 Qod
1443 1161 1460 1189 fi
1477 1163 1538 1198 quis
1554 1160 1674 1188 nostram

863 1198 896 1224 de
903 1199 984 1234 hujus
994 1200 1044 1226 loci
1058 1199 1243 1226 emendatione
1259 1199 1427 1228 sententiam,
1448 1207 1492 1225 aut
1502 1198 1594 1234 potius
1609 1207 1676 1226 con·-

862 1235 992 1268 J'eefflram
1009 1237 1124 1272 requirit
1139 1255 1145 1265 ‚
1166 1235 1200 1262 fic
1216 1234 1357 1263 commode
1374 1236 1424 1271 legi
1433 1236 1505 1271 posse
1513 1235 1674 1262 arbitramur

862 1273 1001 1308 integrum
1008 1273 1098 1300 locum
1108 1282 1114 1299 :
1134 1275 1167 1299 Et
1174 1271 1250 1300 Paulo
1257 1272 1356 1309 quidem
1365 1290 1373 1301 ‚
1394 1279 1422 1300 tet
1430 1271 1538 1299 relatum
1545 1271 1657 1307 esffitprai
1665 1290 1674 1301 ,

864 1311 964 1337 Catenae
972 1309 1078 1337 inolitum
1087 1308 1120 1344 est
1127 1315 1291 1344 cognomentm
1315 1327 1322 1338 ‚
1341 1308 1367 1335 eo*
1382 1307 1449 1344 quiid
1459 1310 1485 1334 in
1501 1306 1677 1342 complicandis

863 1346 1046 1373 calumniarum
1053 1344 1157 1372 nexibus
1164 1351 1219 1370 erat
1226 1317 1395 1379 indiffilubilis
1403 1360 1410 1372 ,
1432 1342 1507 1369 taetra
1511 1345 1674 1371 inventorum

859 1380 910 1418 sese
919 1384 1048 1408 varietate
1054 1379 1203 1416 dtstendenn
1220 1386 1248 1406 ut
1256 1381 1281 1405 in
1288 1378 1590 1410 colluHationibizi't-allere
1598 1381 1676 1405 nimis

866 1417 970 1454 quidam
978 1416 1060 1453 filent
1073 1415 1183 1448 artifices
1195 1415 1341 1451 palaestritae.
1361 1413 1443 1443 Idem.
1471 1415 1537 1443 Non
1552 1415 1674 1450 intelligo

865 1453 936 1481 unde
943 1455 1004 1480 viro
1014 1451 1161 1480 summo'fic
1170 1451 1297 1487 placuerit
1305 1451 1483 1480 Castellanum
1491 1457 1564 1478 taetra
1571 1470 1578 1480 ‚
1587 1460 1674 1487 quum

864 1490 959 1525 utique
972 1490 1069 1516 litterae
1079 1489 1218 1524 scripturae
1227 1492 1326 1516 veteris
1341 1489 1408 1516 istuc
1417 1490 1526 1515 minime
1541 1495 1671 1524 vergant?

862 1526 905 1552 sed
920 1529 990 1552 intra
1005 1532 1112 1560 apparet
1119 1523 1235 1560 positum
1244 1524 1307 1552 loco
1316 1529 1346 1551 τῖς·
1360 1526 1435 1552 mira.
1459 1524 1586 1551 Totidem
1597 1526 1674 1552 vides

861 1563 953 1596 apices.
981 1562 1016 1587 Et
1031 1561 1090 1588 sane
1103 1560 1168 1586 hanc
1182 1569 1275 1587 vocem
1291 1560 1404 1597 quoque
1420 1560 1570 1588 attendebat
1579 1561 1676 1588 Salma-

863 1598 916 1626 fius
924 1615 932 1627 ‚
944 1606 1031 1633 quum
1039 1605 1100 1624 ante
1107 1595 1237 1625 Valefium
1246 1597 1404 1633 significaret
1415 1607 1428 1625 e
1437 1597 1550 1634 vestigiis
1560 1597 1675 1634 scriptu-

862 1645 898 1663 rae
906 1634 932 1662 se
941 1633 1054 1662 elicuisse
1060 1634 1127 1661 hanc
1137 1633 1280 1662 leetionem
1288 1652 1295 1663 ⁷
1317 1637 1410 1662 miram
1418 1637 1444 1661 in
1460 1635 1574 1662 nodorum
1583 1637 1674 1662 varie-

862 1678 941 1699 tatem
949 1670 1001 1708 fi‘se
1017 1669 1172 1708 dispendens‚
1191 1676 1220 1697 ut
1233 1673 1259 1698 in
1274 1670 1482 1699 colluffationibus
1498 1671 1584 1698 cavere
1597 1671 1674 1698 nimo}

862 1708 966 1746 quidam
967 1707 1050 1744 Jblent
1056 1713 1106 1735 art.
1110 1707 1163 1742 pal.
1173 1706 1204 1733 ad
1213 1707 1335 1738 Solinum
1344 1717 1398 1745 pag.
1408 1716 1423 1734 2
1427 1717 1464 1742 9¹-
1483 1710 1558 1734 Gron.

899 1745 908 1772 l
928 1745 1002 1772 calce
1015 1750 1098 1771 tenere
1110 1743 1213 1781 quidam
1221 1744 1331 1782 solem]
1353 1747 1419 1773 Haec
1433 1744 1471 1771 est
1483 1743 1638 1778 conjeEtura
1645 1745 1676 1772 P.

863 1781 981 1811 Castelli,
996 1789 1075 1817 quam
1084 1788 1179 1807 ceterae
1188 1780 1308 1818 deinceps
1317 1781 1457 1809 Editiones
1467 1781 1590 1817 amplexae
1601 1781 1674 1809 sunt.

865 1820 902 1846 At
911 1820 937 1845 in
947 1820 1068 1845 Romana
1076 1817 1202 1844 Editione
1218 1816 1300 1854 long&
1317 1819 1392 1846 aliter
1409 1818 1538 1853 scriptum
1547 1825 1619 1845 erat:
1641 1816 1676 1845 fic

865 1857 935 1882 enim
944 1855 1036 1882 habet:
1055 1854 1222 1882 calce'rcnem.
1240 1856 1262 1881 is
1277 1855 1381 1892 quidam
1388 1854 1478 1891 ftlent.
1494 1862 1583 1890 neque
1599 1855 1675 1881 aliter

865 1892 949 1919 codex
959 1892 1137 1919 Vaticanus&
1147 1890 1333 1919 Florentinus.
1355 1890 1386 1918 In
1396 1893 1481 1926 Regio
1491 1891 1589 1926 legitur
1597 1910 1604 1920 ‚
1622 1889 1677 1916 cal.

864 1938 889 1956 ce
899 1926 934 1959 &¹
943 1949 1027 1956 ......
1054 1927 1140 1955 uidam
1142 1927 1231 1963 file-nt.
1252 1927 1269 1944 ²*
1291 1929 1322 1955 In
1332 1928 1471 1956 Tolosano
1479 1946 1486 1957 ,
1504 1928 1569 1954 calce
1578 1924 1613 1957 ό*
1621 1929 1677 1953 Ha-

864 1967 938 1992 renis.
958 1964 975 1981 *
985 1936 1072 1992 Νοὲἰε
1082 1964 1237 1999 conjeecura
1245 1964 1337 1992 nostra
1351 1974 1431 2002 quam
1440 1962 1520 1999 supra
1532 1963 1677 1999 propofiu‘.

865 2011 926 2029 mus
941 2019 948 2032 ,
968 2011 1026 2028 non
1043 2000 1168 2036 displicet.
1196 2001 1343 2037 Compar-ar
1360 2003 1430 2029 enim
1444 2001 1488 2027 hic
1504 1999 1676 2028 Marcellinus

865 2039 986 2066 nodosos
996 2038 1186 2066 calumniarum
1195 2047 1281 2066 nexus
1290 2048 1351 2066 cum
1359 2037 1506 2075 palaestricis
1514 2037 1625 2064 nexibus
1634 2036 1679 2064 lu-

865 2075 1000 2103 &aterum
1009 2093 1016 2104 ,
1035 2083 1096 2110 quae
1107 2072 1202 2101 Graece
1212 2076 1323 2109 ἅμματα
1331 2076 1466 2104 dicuntur.
1488 2073 1675 2110 Apollodorus

865 2114 893 2139 in
909 2111 1070 2140 Bibliotheca
1085 2128 1092 2140 ‚
1114 2111 1145 2138 de
1159 2111 1227 2138 luein
1245 2113 1369 2140 Herculis
1384 2119 1444 2138 cum
1455 2112 1566 2137 Antaeo:
1586 2112 1648 2145 τέτῳ
1661 2110 1676 2142 ὃ

864 2151 968 2177 maxiem
981 2150 1162 2183 εἰναιΓιμαζόμΙγιΘ,
1176 2152 1279 2182 Ηρρικλῐῖς
1289 2170 1295 2180 ,
1315 2150 1436 2183 ἅρμ’μῆιςῴι
1449 2148 1552 2180 iulecan-
1563 2150 1678 2181 μετὲωεσν

863 2188 951 2217 κλάσας
965 2188 1086 2214 ἀπέκτεινε.
1115 2185 1241 2212 Libanius
1250 2189 1276 2213 in
1287 2186 1403 2219 ejusdem
1413 2184 1437 2210 lu
1443 2183 1489 2210 &ae
1499 2182 1677 2219 descriptione

863 2225 959 2257 θεσμοῦς
973 2224 1000 2251 &
1015 2223 1242 2255 eufamoudcvocat.
1269 2220 1454 2249 Latininodos
1463 2227 1568 2247 vocant.
1597 2221 1639 2246 Sic
1648 2228 1678 2246 e-

864 2262 920 2287 nim
929 2259 1056 2286 Aurelius
1065 2257 1160 2284 Vfflor
1178 2258 1205 2284 in
1223 2258 1381 2286 Commodo
1399 2266 1405 2283 :
1424 2255 1464 2284 Ibi
1472 2261 1518 2291 per
1534 2256 1676 2291 ministrum

865 2295 974 2331 ungendi
980 2293 1118 2330 faucibus,
1136 2293 1208 2331 quqfi
1220 2302 1276 2324 arte
1291 2296 1419 2324 exercitii,
1438 2291 1596 2324 brahiorum
1617 2291 1677 2321 nodo

905 2331 1002 2373 Kz
