2007 2658
512 74 897 122 HADRIANI
926 73 1224 120 VALESII
1254 55 1673 117 PRAEFATIO

254 169 419 208 Romanus
432 168 589 205 audiebat:
616 178 649 205 ut
659 168 782 203 testatur
794 168 978 202 Fortunatus
998 166 1092 200 Italus
1109 164 1140 199 in
1160 163 1227 200 libri
1247 175 1313 200 ιιι,
1339 163 1489 199 Carmine
1508 164 1630 202 xxuri
1655 164 1695 200 de
1711 163 1865 216 opusculis
1884 163 1924 204 δὲ

252 219 484 270 epigrammatis
498 218 687 254 cothurnatis
699 231 733 252 ac
743 216 869 252 tumidis
881 214 1114 270 Bertechramni
1126 211 1519 270 Burdigalensis‘Episcopi⁸
1533 213 1616 267 hisce
1636 214 1761 269 verbis!
1782 215 1927 260 indicant

254 271 290 306 &
304 269 412 306 Poetis
425 268 474 319 qui
487 266 663 317 placuissent
673 290 685 308 ,
705 267 722 302 a
733 269 846 302 Senatu
859 267 980 301 calceos
990 263 1049 300 filis
1058 265 1152 300 aureis
1162 274 1291 302 omatos
1301 262 1364 300 dan
1375 262 1577 313 consuens&

464 345 519 379 Vix
540 341 620 379 morib
640 354 700 379 tam
721 346 811 380 nitido
831 343 962 391 pomposa
979 344 1113 392 po'e‘matae
1132 344 1212 379 cultu

531 394 617 428 Audit
630 393 761 440 'trajano
784 401 875 429 Roma
895 393 1020 429 verenda
1041 392 1119 437 foro.

458 438 548 485 „Quid
564 443 588 491 [ἱ
605 444 664 477 tale
686 445 766 477 decus
784 443 924 489 recitaffes
942 453 1012 476 aure
1025 438 1173 476 senariis.-

535 492 685 537 Straviffet
703 494 809 537 plantis
830 503 918 526 aurea
934 490 990 538 fila
1008 494 1074 526 tuis.

256 554 385 589 Studiofi
397 556 525 592 &dotti
538 555 681 605 quidquid
695 555 934 604 composuerant
946 584 955 596 ‚
983 559 1132 590 Proceres
1145 554 1268 601 quidem
1281 567 1314 589 ac
1325 556 1495 602 locupletes
1507 556 1595 592 domi
1605 569 1691 591 nunc
1703 569 1756 604 per
1765 556 1796 592 se
1805 579 1816 597 ‚
1836 567 1923 594 nime

255 615 309 650 per
319 604 470 640 lestorem
482 619 588 640 coram
600 606 706 640 amicis
720 606 856 641 invitatis
867 604 1034 639 recitabant
1047 618 1054 638 :
1082 603 1256 638 mediocres
1276 603 1354 639 vero
1366 616 1400 639 ac
1411 614 1518 640 tenues
1529 607 1560 641 in
1569 605 1682 641 aedibus
1694 606 1897 655 Optimatum
1907 635 1918 648 ‚
1965 614 1973 617 ”

253 653 417 688 condustis
435 653 577 690 subselliis
589 658 622 689 &
636 655 807 690 anabathris
819 653 990 702 pulpitisve.
1018 652 1211 687 Privatarum
1234 652 1450 688 recitationum
1473 656 1666 690 mentionem
1676 653 1748 690 facit
1759 656 1923 692 Suetonius

262 703 457 753 Tranquillus
466 705 498 739 in
510 703 646 739 Claudio
659 705 759 753 capite
770 715 812 738 xL
821 717 846 740 ι.
874 703 970 748 Cajus
983 702 1099 737 Plinius
1111 701 1267 736 Secundus
1287 701 1396 749 paffim
1416 702 1448 737 in
1469 703 1553 738 libris
1574 704 1781 751 Epistolarum
1794 727 1804 745 ‚
1817 707 1851 740 &
1864 707 1923 752 Ju-
1962 734 1966 737 ,

255 753 370 787 venalis
380 754 411 788 in
423 755 485 790 Sat.
503 765 529 790 1.
543 755 578 790 &
588 765 625 787 v1
637 765 667 792 1,
694 754 745 801 qui
767 755 963 788 Frontonem
983 751 1182 798 'recitantibus
1194 751 1302 786 Poe'tis
1313 752 1448 799 porticus
1460 751 1524 787 suas
1536 765 1724 789 marmoreas
1734 754 1923 790 commoda·

254 799 327 835 visse
339 801 459 840 scribit,
486 806 519 838 &
531 803 561 838 in
574 803 620 838 his
631 802 819 839 conseffibus
830 801 980 852 quosdam
992 799 1099 836 solitos
1118 800 1178 835 efle
1196 800 1338 848 disponi,
1358 801 1407 849 qui
1430 801 1606 849 plauderent
1617 805 1650 836 &
1662 803 1783 851 magnis
1792 803 1924 840 vocibus

255 850 477 887 acclamarent.
506 854 549 888 Et
558 853 588 888 in
603 855 666 889 Sat.
682 865 715 887 11
729 865 755 890 1.
776 851 842 901 ipse
858 852 973 901 Aquini
987 851 1037 885 ubi
1048 859 1136 885 natus
1145 860 1225 889 erat,
1240 849 1338 884 satiras
1350 849 1413 885 suas
1425 850 1623 898 praesentibus
1633 851 1740 886 amicis
1753 864 1833 900 quos
1843 863 1924 888 con-

255 911 441 940 vocaverat,
464 902 631 937 recitavisle
642 901 671 937 se
681 903 721 937 ait
735 917 743 938 :
764 905 797 937 δε
819 914 933 951 magna
949 899 1120 948 frequenti&
1138 911 1318 948 magnoque
1331 899 1463 935 successu
1475 911 1520 935 ter
1530 900 1648 935 auditus
1660 899 1724 935 est:
1748 900 1834 948 quod
1847 901 1924 937 &in

254 949 320 993 ejus
334 951 408 985 Vita
423 950 439 985 ὲ
451 951 546 986 veteri
560 951 730 987 Scholiaste
741 951 887 1000 scriptum
899 949 1035 986 invenio.
1077 949 1264 984 Ammianus
1283 949 1374 998 igitur
1387 948 1477 985 famae
1486 950 1658 998 gloriaeque
1667 949 1829 984 dulcedine
1840 948 1924 985 fimi-

255 998 324 1034 liter
335 999 494 1036 succensus
505 1023 516 1040 ,
539 1003 573 1036 &
584 1001 760 1049 experiendi
772 1001 944 1036 amicorum
956 998 1185 1046 doctorumque
1195 999 1331 1033 virorum
1351 999 1455 1044 judicii
1475 998 1600 1047 cupidus
1610 1020 1621 1039 ‚
1643 999 1762 1036 Romae
1781 1011 1820 1034 ex
1833 1010 1926 1035 more.

256 1045 338 1083 suam
352 1061 405 1095 per
419 1060 517 1097 partes
525 1050 665 1086 recitavit
676 1050 848 1087 Historiam
859 1073 871 1090 ,
897 1058 990 1098 prout
1002 1048 1115 1083 librum
1128 1060 1281 1097 quemque
1293 1048 1520 1095 composuerat.
1545 1048 1633 1083 Hinc
1652 1048 1794 1083 oratione
1812 1059 1925 1084 numea

256 1095 323 1132 rosa
345 1102 377 1133 &
398 1099 478 1133 bene
498 1099 646 1139 sonante,
673 1102 762 1148 plena
785 1110 913 1147 pompae
932 1099 969 1135 δε
988 1094 1152 1142 majestatis
1173 1096 1218 1132 est
1237 1096 1325 1136 usus,
1347 1099 1468 1146 qualem
1494 1097 1691 1132 recitationes
1709 1094 1772 1131 istae
1787 1096 1925 1145 postula-

255 1145 350 1186 bant,
379 1157 412 1181 ut
431 1160 515 1183 aures
534 1152 566 1183 &
588 1150 710 1184 animos
730 1150 902 1184 auditorum
921 1147 1077 1195 impleret.
1129 1146 1181 1181 Ad
1202 1159 1354 1196 pompam
1376 1146 1590 1182 recitationum
1611 1145 1766 1194 pertinent
1781 1173 1790 1186 ‚
1818 1145 1925 1181 ἀίἂοέ

256 1207 324 1230 rum
346 1194 560 1245 &Ctorumque
576 1198 674 1233 aetatis
696 1195 754 1233 suae
776 1197 1026 1233 memorabilium
1047 1208 1119 1230 curn
1141 1196 1243 1244 priscis
1266 1219 1276 1236 ,
1307 1196 1475 1231 hominurn
1501 1207 1573 1230 cum
1593 1194 1774 1230 hominibus
1790 1206 1923 1244 compa-

257 1244 391 1279 rationes
414 1269 422 1285 ,
446 1245 483 1281 ad
505 1247 759 1284 commovendos
779 1248 903 1282 animos
931 1243 1128 1293 amplificata:
1155 1257 1258 1281 rerum
1286 1245 1438 1295 imagines
1457 1269 1468 1286 ‚
1496 1245 1622 1294 tragicae
1650 1245 1798 1279 Fortunae
1830 1246 1925 1280 com&

258 1294 440 1340 pellationes
461 1317 471 1334 ‚
498 1296 643 1331 crebritas
666 1295 832 1345 figurarum
856 1308 891 1331 ac
915 1294 1151 1330 transsationum
1173 1316 1184 1333 ‚
1210 1294 1430 1342 descriptiones
1460 1295 1644 1342 proeliorum
1666 1296 1700 1328 &
1723 1291 1923 1330 obsidionum

259 1355 486 1391 nonnunquam
500 1344 609 1380 lusibus
619 1342 1060 1393 lascivientisingeniilocisve
1071 1344 1291 1379 communibus
1302 1343 1397 1393 quam
1417 1343 1565 1379 Historiae
1585 1343 1704 1392 legibus
1726 1343 1922 1378 convenien-

254 1392 364 1427 tiores.
392 1392 546 1428 Eamdem
566 1394 608 1428 ob
629 1393 750 1430 causam
771 1396 814 1431 A.
831 1393 1031 1430 Marcellinus
1049 1393 1160 1441 ubique
1181 1394 1286 1428 omnis
1306 1393 1429 1441 generis
1448 1393 1599 1428 doan'nae
1621 1391 1739 1428 famam
1750 1391 1923 1430 affectavit:

261 1440 322 1473 Cui
343 1440 384 1474 rei
414 1440 532 1476 indicio
552 1441 620 1476 sunt
639 1442 834 1477 laudationes
854 1451 903 1476 tot
924 1452 1064 1477 veterum
1077 1441 1276 1482 Αυᾶοιυη),
1300 1441 1428 1476 laudatae
1438 1441 1544 1489 saepius
1560 1440 1726 1476 Ciceronis
1739 1438 1922 1480 sententiae,

261 1489 406 1538 Virgilii,
429 1490 616 1530 Menandri,
638 1492 674 1526 δε
696 1491 826 1526 aliorum
848 1489 948 1527 versus
966 1487 1069 1524 inserti
1089 1501 1098 1522 ε
1127 1497 1175 1523 tot
1195 1493 1229 1523 &
1248 1490 1326 1523 tanti
1347 1491 1482 1524 exceflus
1493 1490 1702 1524 narrationem
1712 1501 1814 1524 rerum
1824 1488 1925 1524 inter-

262 1549 441 1584 rumpentes
453 1562 463 1577 ‚
491 1538 529 1574 dc
542 1538 681 1574 Adrastia
692 1539 881 1575 velNemesi
900 1539 933 1572 in
956 1538 1038 1573 libro
1057 1548 1136 1573 xxv·
1154 1536 1194 1572 de
1214 1537 1334 1586 origine
1352 1537 1589 1586 doctoribusque
1617 1537 1807 1576 Gallorum,
1835 1537 1923 1572 &de

264 1587 396 1634 Alpibus
410 1587 583 1623 Gallicanis
595 1589 625 1623 in
637 1588 716 1624 libro
731 1588 831 1624 xv.de
842 1585 1003 1626 obeliscis,
1030 1586 1112 1622 &de
1120 1586 1202 1621 notis
1213 1586 1472 1635 hieroglyphicis‚
1491 1588 1527 1622 ὃς
1547 1587 1584 1620 de
1605 1586 1693 1621 variis
1711 1596 1798 1620 terrae
1824 1585 1922 1620 moti-

263 1636 318 1670 bus
329 1637 360 1670 in
373 1636 451 1671 libro
463 1649 522 1671 xvt
537 1650 566 1676 ι.
595 1637 633 1672 de
644 1637 736 1672 causis
747 1650 781 1671 ac
795 1636 956 1687 generibus
970 1635 1148 1684 pestilentiae
1158 1635 1189 1669 in
1201 1635 1282 1670 libro
1294 1645 1369 1671 xlx.
1397 1635 1436 1669 de
1454 1634 1624 1670 defeecibus
1643 1635 1724 1670 Solis
1745 1637 1778 1669 &
1798 1636 1917 1675 Lunae,

262 1685 362 1733 deque
382 1686 470 1721 variis
488 1689 585 1721 Lunae
596 1687 818 1722 mutationibus
830 1689 862 1721 &
874 1684 978 1735 figuris
988 1707 998 1723 ‚
1027 1697 1086 1720 nec
1098 1697 1164 1720 non
1187 1684 1225 1719 de
1235 1697 1304 1719 arcu
1315 1682 1425 1719 caelesti
1435 1684 1466 1719 in
1478 1684 1559 1719 libro
1571 1697 1589 1718 x
1601 1697 1631 1720 x.
1659 1683 1698 1718 de
1707 1683 1796 1719 variis
1806 1682 1922 1718 artibus

257 1732 359 1769 futura
371 1735 580 1782 praenoscendi
592 1759 602 1775 ,
629 1739 662 1771 &
673 1736 711 1771 de
730 1735 842 1772 Geniis
851 1735 931 1770 libro
946 1746 1018 1770 xxi.
1039 1734 1078 1768 de
1089 1735 1189 1772 Nilo,
1210 1733 1248 1768 de
1268 1733 1431 1768 crocodilo
1443 1756 1453 1772 ,
1472 1732 1510 1767 de
1527 1733 1586 1773 ibi,
1613 1745 1648 1767 ac
1659 1732 1699 1767 de
1710 1730 1920 1780 pyramidibus

263 1784 296 1819 in
307 1783 386 1818 libro
398 1795 500 1821 xxlr.
519 1784 738 1832 descriptiones
759 1783 791 1822 νζ
817 1784 980 1820 muralium
1002 1782 1236 1821 machinarum,
1262 1794 1321 1816 nec
1339 1793 1405 1817 non
1426 1793 1546 1818 xvrn.
1568 1782 1723 1826 majorum
1743 1780 1925 1815 Provincia-

265 1845 332 1869 rum
346 1832 450 1881 Regni
464 1833 594 1874 Perfici,
619 1835 694 1870 item
706 1835 745 1870 de
757 1844 825 1869 ortu
836 1832 1066 1881 margaritarum
1078 1832 1110 1866 in
1134 1831 1214 1866 libro
1225 1842 1345 1866 xx111.
1367 1831 1406 1865 de
1425 1830 1577 1871 cometis,
1605 1833 1638 1864 &
1659 1829 1698 1865 de
1716 1828 1832 1864 facibus
1841 1831 1921 1864 caelo

266 1881 407 1917 decidere
420 1882 488 1917 vifis
498 1883 528 1917 in
541 1883 622 1918 libro
634 1897 712 1921 xxv.
730 1883 769 1918 de
778 1883 897 1918 ratione
908 1880 1031 1916 Biss'exti
1052 1881 1083 1915 in
1097 1880 1176 1915 libro
1188 1891 1280 1915 xxvt.
1301 1879 1340 1913 de
1362 1878 1555 1914 cauffidicina
1574 1901 1586 1917 ‚
1613 1879 1712 1927 deque
1723 1877 1924 1925 jurisconsul-

267 1931 306 1964 tis
318 1954 327 1970 ,
353 1932 388 1966 ὃ(
410 1932 498 1966 variis
519 1932 757 1968 Advocatorum
768 1932 930 1982 generibus
949 1932 980 1965 in
1002 1929 1082 1964 libro
1105 1940 1178 1964 xxx.
1195 1927 1433 1975 Descriptiones
1445 1928 1567 1975 quidem
1579 1927 1727 1962 variarum
1741 1927 1923 1963 Provincia-

267 1992 336 2014 rum
351 1981 475 2027 Imperii
488 1981 646 2022 Romani,
672 1982 750 2029 apud
766 1977 1144 2026 A.Marce11inum10nge
1168 1976 1293 2024 late‘que
1312 1976 1428 2011 diffusae
1448 1976 1536 2012 sunt:
1557 1988 1625 2025 quae
1646 1976 1724 2024 apud
1749 1974 1921 2011 Sallustium

268 2028 308 2063 de
320 2028 403 2063 bello
414 2029 599 2079 Jugurthino
611 2054 621 2070 ‚
646 2031 723 2078 apud
737 2028 891 2065 Caesarem
903 2030 938 2065 &
951 2028 1075 2063 Livium
1087 2025 1220 2073 aliosque
1232 2024 1408 2060 Historicos
1419 2027 1519 2061 multo
1539 2025 1696 2061 breviores
1715 2025 1914 2072 reperiuntur.

269 2076 329 2112 Sed
350 2089 415 2111 non
435 2079 600 2114 omittendi
622 2080 688 2114 sunt
700 2080 762 2115 duo
782 2078 910 2114 maximi
930 2076 1066 2112 excessus
1078 2075 1206 2112 devitiis
1219 2077 1345 2109 Senarus
1357 2076 1530 2120 populique
1548 2076 1646 2110 Rom.
1659 2074 1691 2108 in
1702 2074 1785 2109 libris
1798 2085 1872 2110 xlv.
1886 2076 1922 2108 &

271 2136 352 2161 xxv1
365 2138 413 2162 ¹1.
436 2141 511 2174 quos
522 2129 571 2174 qui
585 2128 702 2164 attente
725 2141 848 2164 mecum
873 2125 1108 2162 consideraverit
1127 2147 1138 2164 ‚
1165 2122 1254 2159 facile
1275 2123 1326 2158 sibi
1347 2123 1548 2171 persuadebit,
1578 2133 1643 2158 tum
1656 2123 1739 2158 lenes
1749 2123 1920 2158 admodum

270 2185 360 2221 atque
371 2174 518 2221 patientes
528 2177 612 2213 fuisse
624 2179 803 2215 Romanos.
853 2177 883 2212 Si
894 2185 945 2211 aut
956 2175 1060 2224 pravi,
1080 2186 1211 2223 quorum
1233 2186 1310 2208 vana
1330 2172 1426 2208 studia
1445 2176 1480 2208 &
1502 2173 1573 2208 vitia
1598 2172 1629 2207 in
1651 2172 1814 2208 Ammiani
1836 2171 1921 2206 libris

272 2224 535 2267 describebantur,
559 2239 648 2273 aequo
659 2228 765 2262 animo
776 2225 935 2262 tulerunta
950 2223 1113 2273 peregrino
1126 2222 1276 2258 Graculo
1299 2222 1330 2256 in
1353 2220 1487 2258 Historia
1502 2223 1601 2270 palam
1623 2221 1737 2257 traduci
1750 2220 1780 2255 se
1796 2232 1830 2254 ac
1840 2219 1920 2255 deri-

271 2272 354 2307 cleri:
376 2274 510 2309 autboni
523 2274 735 2311 existimfirunt
755 2276 863 2312 liberas
881 2287 989 2311 eorum
1009 2271 1257 2320 reprehensiones
1268 2285 1303 2308 ac
1324 2282 1414 2309 notas
1425 2271 1546 2308 nihilad
1556 2270 1650 2308 totius
1661 2268 1841 2320 ampliffimi
1853 2269 1920 2306 Or—

267 2321 347 2357 dinis
357 2333 391 2356 ac
403 2322 547 2360 universae
557 2325 686 2363 civitatis
697 2325 826 2364 dedecus
834 2326 894 2364 ulla
902 2323 1021 2375 tatione
1029 2321 1190 2372 pertinere.
