2007 2658
506 105 617 154 ET
686 104 1301 155 FIGURARUM.

773 252 904 289 Tabulae
915 251 945 288 ·Ϊ
955 257 972 291 I
981 256 998 290 1
1007 257 1026 291 1

140 366 278 397 Nummus
307 366 320 389 1
351 354 476 402 pertinet
494 352 533 388 ad
548 354 683 401 paginam
698 365 738 402 31
749 365 778 394 1,
800 360 948 389 revocatus
962 364 1002 387 ex
1024 357 1094 388 notis
1109 351 1310 403 Lindelarogii‚
1333 355 1498 403 Hambargi
1513 358 1606 398 editu,
1617 371 1670 397 non
1681 369 1740 399 Lu-

91 419 172 447 tetta.

139 469 155 489 z
187 454 305 488 Exhibet
316 451 447 486 habitum
459 455 585 487 Fortuna
600 452 676 486 reiut
689 454 835 488 mundana
850 452 941 500 Copia
953 462 1038 486 cornu
1051 449 1193 498 gestantis
1211 453 1337 499 propitia
1351 450 1465 498 Juliano
1476 456 1568 489 orbem
1580 462 1741 493 Romanum

87 504 196 553 placide
211 502 279 549 jam
291 502 415 546 regenti,
430 510 462 534 nt
473 503 608 547 explanat
620 502 788 536 murnianus
808 512 877 548 pag.
892 511 971 547 345,
981 502 1088 545 petitus
1100 513 1136 534 ex
1149 507 1282 549 Crcy‘ant'e
1293 501 1356 535 tab.
1369 513 1447 534 xxm
1464 515 1544 541 num,
1561 505 1613 537 18.

212 551 323 594 Reliqui
332 549 477 583 duodecim
491 551 542 584 huc
555 550 602 597 affl
612 559 677 583 runt
689 553 829 598 integram
840 551 969 584 tabulam
978 549 1102 594 thesauri
1115 552 1263 585 Patiniani
1274 573 1284 589 ‚
1309 550 1370 582 ideo
1386 550 1512 595 junctim
1523 563 1619 586 omnes
1631 554 1737 595 additi,

87 601 160 647 quod
178 601 257 636 varie
280 600 504 643 interpretentur
530 609 603 633 vota
622 597 763 646 publica,
790 600 888 646 quibus
903 598 1051 633 Antiochia
1062 607 1193 645 exceptus
1204 601 1234 633 in
1247 600 1370 646 speciem
1381 600 1504 634 numinis
1520 601 1655 647 scribitur
1669 608 1740 635 Am-

86 652 182 685 miano
203 659 269 695 pag.
282 658 360 693 349,
373 658 421 680 nec·
432 658 496 693 opus
506 649 618 682 atialus
626 647 766 693 adjicere.

137 709 172 743 15
200 704 333 742 Sumptus
346 698 391 728 ‘ex
405 698 815 745 croyanutab.xxx1xnunt.
829 707 849 741 7
876 698 1002 732 continet
1017 698 1211 745 hippotamum
1236 696 1272 735 ὠ·
1287 699 1479 738 crocodilum,
1504 697 1539 731 de
1559 709 1613 743 quo
1622 706 1742 745 utroque

89 748 149 793 agit
159 748 328 790 auiiorpag.
339 748 399 788 3⁶5
417 744 452 780 ά·
472 748 551 789 366.

139 805 154 830 ι
163 797 183 829 6
211 793 309 839 Refert
322 794 485 838 apollinem
498 795 669 840 Dapbnaeum
681 794 830 831 Antiochia
843 815 853 832 ³
866 801 899 828 nt
910 803 992 830 vocat
1002 796 1098 830 aanor
1117 805 1185 843 pag.
1201 798 1280 843 356,
1292 795 1344 832 huc
1355 798 1464 833 delatus
1474 808 1511 832 ex
1525 795 1674 832 l'aillantii
1686 801 1742 842 0⁰7

86 843 225 879 loniarum
235 852 318 889 parte
336 853 370 879 ιι
387 853 453 890 pag.
473 846 540 878 226
551 844 587 881 &²
600 855 678 891 277.
932 855 935 857 ·

801 976 934 1013 Tabulae
961 978 995 1012 V

135 1082 278 1111 Nummue
294 1082 306 1105 1
334 1074 445 1121 prefert
458 1077 541 1111 Genii
551 1077 627 1111 urbis
641 1077 794 1111 Antiochia.
802 1077 920 1122 gradile
932 1076 1070 1121 templum
1083 1101 1092 1115 ,
1108 1074 1183 1120 quod
1196 1074 1333 1110 Kalendis
1344 1075 1499 1124 Januariie
1512 1075 1666 1124 ascendifflt
1681 1073 1740 1122 Jul

89 1124 179 1158 lianut
191 1125 296 1158 dicitur
306 1124 340 1156 ab
352 1126 578 1172 Ammiano-pag.
593 1127 670 1171 381,
700 1125 831 1171 repofitus
844 1137 880 1159 ex
893 1125 994 1158 eadem
1006 1124 1181 1160 Valliantina
1199 1123 1338 1171 industria
1353 1133 1439 1173 parte
1451 1146 1462 1162 ,
1486 1125 1533 1159 ubi
1552 1125 1670 1171 quidem
1686 1128 1742 1169 [ι-

85 1174 150 1219 pius
162 1174 192 1207 id
201 1172 291 1218 ipsum
303 1171 342 1218 fic
355 1175 473 1207 occurrit
488 1174 552 1220 :sed
568 1177 654 1209 miror
668 1175 825 1209 identidem
836 1175 895 1208 illic
906 1172 1041 1218 confundi
1052 1172 1122 1206 auae
1134 1173 1278 1207 Ammiani
1290 1172 1498 1220 descriptiones,
1515 1173 1552 1209 ὠ
1565 1174 1603 1207 ad
1611 1170 1742 1218 illustra-

87 1223 193 1256 tionem
203 1220 287 1268 hujus
299 1223 408 1255 nummi
420 1223 545 1269 allegari
557 1247 566 1262 ,
579 1235 665 1270 quum
685 1225 781 1257 altera
802 1224 837 1269 sit
848 1224 882 1256 de
893 1222 1001 1267 templo
1013 1223 1099 1255 Genii
1110 1221 1290 1256 Alexandria
1301 1244 1310 1260 ‚
1338 1234 1392 1256 non
1403 1220 1575 1264 Antiochia3
1601 1229 1634 1256 ut
1654 1231 1743 1266 quum

84 1280 153 1317 pag.
171 1272 234 1315 278
246 1270 276 1305 ia
293 1268 390 1316 fuisset
415 1272 575 1307 exhibitum
593 1300 601 1312 ‚
624 1271 799 1318 subnotatur
825 1271 974 1306 Antiochia
986 1269 1060 1304 urbie
1075 1271 1197 1304 Genium
1209 1270 1257 1317 effe
1268 1272 1297 1305 in
1306 1272 1389 1305 aditu
1399 1270 1497 1316 templi
1509 1292 1519 1309 ‚
1549 1270 1623 1316 quod
1631 1270 1676 1304 illi
1685 1268 1740 1304 ex-

84 1317 222 1364 strateium
232 1328 373 1353 memorat
387 1321 568 1355 Ammianus
580 1321 631 1356 lib.
643 1333 658 1354 z
668 1333 696 1359 2,
726 1320 880 1355 Reversus
889 1331 927 1354 ex
938 1318 1087 1353 comitatu
1100 1317 1252 1365 Principis
1263 1348 1272 1358 ,
1296 1331 1390 1366 quum
1405 1316 1543 1352 transiret
1558 1329 1610 1363 per
1621 1315 1742 1364 specio-

87 1366 154 1401 sum
171 1367 264 1403 Genii
277 1367 442 1415 templum.
469 1370 503 1403 ld
515 1370 605 1416 ipsum
623 1371 712 1416 repeti
725 1369 830 1404 videbis
847 1379 914 1414 pag,
929 1371 996 1412 296
1008 1368 1043 1403 ά
1055 1369 1119 1402 licet
1131 1378 1184 1401 non
1194 1368 1289 1400 onmia
1300 1367 1411 1405 verba,
1434 1375 1533 1401 tamen
1545 1366 1618 1400 illud
1634 1365 1742 1411 specio-

82 1413 151 1462 sm
159 1426 225 1463 pag.
237 1427 303 1462 300
318 1416 354 1452 &²
370 1427 450 1460 317.
499 1419 589 1451 Plane
602 1417 642 1464 sic
652 1416 845 1463 commiscetur
865 1419 1001 1463 templum
1016 1415 1211 1451 Alexandria
1232 1426 1294 1449 cum
1315 1413 1501 1460 Antiochenfi.
1531 1420 1613 1448 Nam
1625 1415 1660 1447 de
1672 1415 1741 1461 Ale-

89 1466 232 1499 xandrino
246 1464 284 1510 sic
297 1465 377 1498 vides
389 1465 464 1510 loqui
474 1467 660 1499 ammianum
676 1477 744 1512 pag.
758 1475 832 1509 353.

140 1524 157 1547 2
187 1520 281 1547 Deam
293 1511 438 1558 celestem
449 1539 457 1552 ,
471 1524 557 1557 quam
565 1515 749 1547 nominatam
761 1513 796 1546 ab
807 1513 991 1550 Mmmiano
999 1521 1068 1558 pag.
1080 1522 1146 1558 357
1171 1512 1339 1560 inseruimus
1360 1523 1396 1546 ex
1419 1519 1481 1546 noto
1503 1511 1605 1546 Severi
1627 1519 1745 1545 nummo

87 1562 165 1595 inter
179 1566 319 1608 croyanos
332 1562 391 1596 tab.
404 1572 424 1594 L
433 1571 488 1594 111
502 1573 584 1597 num.
605 1563 660 1598 18.

140 1622 156 1656 3
195 1609 348 1655 Appofitus
358 1608 395 1654 est
404 1610 436 1643 ob
447 1610 554 1644 cultum
567 1610 642 1657 Cafii
655 1612 739 1659 Jovie
750 1632 760 1649 ,
789 1620 871 1654 quem
883 1610 1046 1644 declaravit
1057 1610 1227 1644 Ammianus
1232 1619 1298 1656 pag.
1317 1608 1552 1656 359,adeptatu5
1562 1621 1598 1643 ex
1611 1606 1741 1654 thesauro

35 1657 37 1660 ’
89 1659 242 1692 Patiniano
258 1668 323 1703 pag.
338 1659 399 1691 180
422 1659 510 1692 etiam
519 1659 635 1703 quidem
654 1659 708 1705 sub
720 1658 848 1705 Trajano
859 1658 940 1704 cusus
953 1680 963 1696 ,
984 1657 1035 1702 sed
1045 1659 1106 1691 alia
1118 1658 1314 1704 inscriptione,
1345 1655 1431 1703 quam
1450 1666 1518 1690 nota
1537 1655 1600 1701 fuit
1612 1655 1739 1701 Valefio‚

88 1716 119 1740 ut
129 1708 222 1751 aperit
242 1707 270 1739 in
281 1710 363 1751 notu.
391 1712 429 1739 Et
437 1707 469 1740 ob
482 1708 603 1740 eandem
613 1708 823 1752 inscriptionem
835 1707 952 1740 additus
962 1706 999 1754 est
1012 1707 1046 1744 ό·
1058 1708 1131 1741 alter
1151 1709 1187 1740 ab
1197 1707 1327 1741 Whelero
1349 1707 1509 1752 publicatus
1521 1707 1550 1739 in
1564 1706 1715 1740 itinerario
1726 1725 1736 1742 2

87 1755 137 1802 etfi
154 1754 252 1801 forssen
264 1766 319 1788 non
332 1755 384 1789 huc
405 1756 547 1800 pertinens
558 1778 568 1794 ,
592 1766 682 1801 quum
700 1756 742 1801 fit
763 1755 895 1802 percussus
907 1760 1031 1802 Corcyra
1043 1777 1053 1792 ‚
1065 1757 1110 1789 cui
1122 1757 1218 1791 vicina
1229 1764 1290 1789 erat
1301 1756 1427 1802 Cafflipe.

140 1814 155 1848 5
185 1805 310 1848 Exponit
321 1804 432 1838 vultum
444 1805 564 1852 Juliani
577 1825 586 1842 ‚
615 1806 773 1838 etiamnum
786 1803 960 1850 Nobilitfimi
975 1804 1110 1847 cesaris,
1137 1805 1253 1850 ideoque
1268 1804 1330 1851 fine
1342 1805 1507 1838 diademate
1518 1815 1554 1837 ex
1568 1813 1683 1839 nummo
1694 1803 1743 1835 in-

89 1852 237 1898 tegerrimo
250 1862 309 1885 meo
327 1850 491 1897 felicisfime
509 1852 661 1899 simulatus
673 1874 684 1891 ‚
711 1853 786 1897 quod
808 1861 911 1898 parum
924 1853 1083 1897 apparebat
1093 1854 1122 1887 in
1132 1854 1210 1887 aliie.

139 1907 161 1935 6
189 1900 291 1935 Vultus
303 1898 342 1945 est
357 1898 498 1946 ejusdem,
512 1901 564 1946 sed
583 1900 690 1947 jamin
704 1901 820 1947 summa
831 1899 971 1945 sortuna3
992 1903 1041 1945 qui
1064 1902 1154 1936 etiam
1163 1900 1279 1949 summa
1289 1912 1358 1935 cura
1369 1914 1406 1936 ex
1418 1907 1479 1936 meo
1492 1900 1529 1948 est
1542 1900 1716 1935 elaboratus.

138 1960 160 1988 7
187 1949 335 1993 Explanat
346 1949 420 1993 Apin
432 1948 466 1982 ab
478 1951 631 1982 Ammiano
642 1948 810 1995 descriptum
829 1958 896 1995 pag.
912 1953 995 1995 360,
1023 1961 1106 1995 quent
1118 1959 1268 1984 mutuatus
1273 1950 1340 1994 sum
1354 1949 1527 1994 ab-Tristano
1547 1959 1614 1983 tom.
1637 1957 1652 1980 1
1668 1959 1739 1995 pag.

92 2008 167 2043 514,
189 1997 325 2042 preclare
337 1995 509 2041 referentem
523 1998 596 2031 illud
607 1998 680 2043 quod
690 1999 719 2031 in
730 1998 843 2043 diversis
859 1999 1034 2043 genitalium
1056 2007 1190 2033 notarum
1205 1997 1305 2044 figuris
1327 2001 1450 2044 exprimi
1471 1999 1602 2032 maxime
1612 1998 1740 2030 omnium

89 2054 194 2083 notat,
209 2054 309 2090 nempe
321 2046 519 2080 corniculantu
530 2051 614 2081 Luna
624 2047 654 2080 in
666 2046 767 2080 dextro
785 2048 874 2080 latete
885 2045 998 2092 inssgne.
1026 2054 1090 2082 Nec
1101 2048 1133 2082 ob
1144 2050 1233 2082 aliam
1244 2046 1356 2093 causam
1368 2049 1460 2089 adjeci
1469 2056 1622 2080 nummum
1641 2046 1658 2078 8
1670 2046 1706 2082 όν
1719 2055 1743 2085 9

93 2106 131 2128 ex
145 2091 274 2139 Tristano
284 2093 637 2140 thesauroquePatiniano
647 2094 683 2132 ῤ’
694 2096 827 2129 Palatino
838 2095 992 2132 itcratum.
1015 2103 1088 2130 Eum
1099 2097 1202 2142 ubique
1215 2097 1296 2131 video
1308 2098 1407 2142 exponi
1418 2096 1452 2128 de
1470 2093 1663 2140 frequentibus
1674 2103 1742 2126 tau-

92 2143 443 2177 rorumimmolationibus
452 2143 558 2189 abipso
567 2142 659 2189 nostro
670 2145 819 2178 Ammiano
831 2146 998 2179 memoratis
1022 2147 1086 2182 ita,
1108 2155 1141 2181 ut
1157 2144 1338 2191 fere&ipse
1357 2145 1397 2177 ad
1417 2144 1502 2178 illam
1523 2142 1741 2176 multitudinem

91 2191 206 2237 nauseet
224 2199 289 2240 Pag-
307 2201 384 2237 355-
438 2191 607 2236 Qodmihi'
620 2201 784 2226 tamennon
798 2193 935 2230 videtur,
947 2205 1035 2239 quum
1053 2205 1108 2228 non
1131 2198 1151 2228 ie
1162 2193 1258 2238 fuerit
1277 2200 1486 2239 Imperatorum
1509 2203 1567 2225 mos
1581 2190 1744 2234 ‚citarique

87 2238 231 2286 sacrificia
243 2266 253 2280 ‚
280 2251 338 2285 qua
356 2238 674 2286 frequentezpararent
686 2267 696 2281 ‚
709 2244 830 2276 nummis
841 2241 1046 2288 insculperent.
1101 2249 1206 2288 ltaque
1228 2242 1384 2288 percussum
1396 2252 1459 2275 eum
1473 2241 1567 2287 opinor
1582 2239 1620 2271 ad
1634 2249 1744 2272 memo-

95 2286 166 2322 riam
177 2287 289 2335 historia
304 2311 314 2328 ,
336 2299 424 2334 quam
433 2290 519 2324 citato
537 2290 617 2335 prius
636 2290 693 2323 loce
704 2300 807 2325 narrat
821 2292 931 2329 auctor,
948 2301 1050 2337 nempe
1063 2291 1117 2337 suo
1131 2292 1248 2337 tempori
1267 2290 1426 2336 contigiffe,
1451 2298 1484 2324 ut
1504 2299 1591 2323 novus
1611 2285 1750 2335 ex-fifteret

94 2339 169 2386 [Apis.-
192 2337 229 2388 td
243 2338 400 2385 gratulans
415 2337 469 2385 fibi
483 2339 619 2387 Julianus
632 2339 740 2386 accepit
751 2340 831 2379 velut
845 2339 1034 2385 securitatem
1047 2339 1209 2419 ⁷⁶¹3&ss
1220 2349 1278 2414 >per
1292 2341 1444 2376 Orientem
1458 2339 1492 2378 ά·
1507 2336 1710 2375 Occidentem,
1735 2333 1755 2380 st

1261 2399 1287 2423 ,ι
