2007 2658
541 49 1273 104 ADLECTOREM

51 184 55 185 ⁷
80 148 238 201 suffragio,
249 142 317 185 &css
343 139 522 190 suffragium
541 138 665 185 salutis,
690 137 735 173 est
759 135 936 186 suffiagium
959 135 1083 172 salutare
1093 160 1104 177 ‚
1130 139 1179 174 vel
1202 140 1239 175 ad
1260 140 1386 178 salutem
1399 145 1558 184 conferens
1569 172 1579 189 ,
1604 150 1747 188 auxilium

83 199 218 237 salutare.
248 200 294 232 Ita
304 196 347 230 A.
361 187 558 229 Marcellinus
568 188 653 237 loqui
664 186 754 224 solet.
1039 221 1044 223 .

132 252 171 284 In
180 247 261 282 libro
273 253 351 279 xxv1
358 253 385 277 1.
400 250 470 287 pag.
483 247 563 283 520.
591 237 630 273 de
638 237 755 283 Jovino
767 237 965 272 Alamannos
975 235 1113 271 caedente
1124 248 1158 270 ac
1170 238 1379 286 persequente.
1411 247 1463 275 Per
1473 254 1573 287 aperta
1583 260 1746 296 camporum

78 298 250 347 sequebatur
259 293 295 329 ἐπ’
306 289 401 326 mollia
410 310 420 327 ‚
445 287 582 321 calcando
603 287 759 334 semineces
772 288 808 323 θ’
821 285 991 332 constristos.
1020 289 1066 321 Ita
1079 285 1177 320 codex
1189 287 1390 323 colbertinus
1403 304 1411 324 ε
1441 290 1516 325 cum
1526 292 1555 326 in
1567 297 1652 331 editis
1662 299 1746 332 fibris

82 348 200 396 legatur
207 339 361 388 constratos
370 334 476 373 minus
486 334 577 372 bene.
605 338 693 371 Nam
706 334 726 370 si
737 335 773 370 ab
785 335 873 370 hoste
886 334 1079 369 calcabantur
1092 357 1102 373 ‚
1131 335 1191 378 jam
1204 335 1287 370 humi
1305 335 1384 371 strati
1396 337 1454 372 esse
1464 340 1627 379 debebant.
1655 348 1744 380 Mors

83 405 182 431 autem
192 387 306 425 instans
316 387 546 425 vulneratorum
559 396 689 433 corpora
703 383 886 433 constringit
896 395 930 418 ac
943 384 1065 419 velutin
1077 384 1207 431 globum
1223 386 1319 434 cogit.
1348 388 1453 434 Qare
1479 387 1579 425 statim
1593 386 1745 437 subjunait

82 446 123 479 A.
138 437 356 477 Marcellinus:
383 434 636 479 Qosvulneribus
649 435 794 481 frigorum
804 435 960 481 asperitate
970 435 1116 468 contradis
1124 433 1249 469 dolorum
1261 436 1440 482 absumserat
1448 441 1627 484 magnitudo.
1662 433 1747 477 C5r-

77 489 203 539 poribus
212 495 299 522 erant
309 482 484 523 constriffls
497 503 507 521 ‚
537 483 589 530 qui
602 484 726 519 vulnera
737 482 890 518 habebant
900 479 1012 529 frigore
1025 482 1196 518 commeta.

124 541 162 573 In
183 535 297 571 eodem
316 534 395 569 libro
416 545 486 582 pag.
505 541 580 576 521.
607 532 646 567 de
666 532 821 567 Terentio
840 530 1071 567 Excorreffimre
1084 530 1217 568 Tusciae.
1267 538 1368 578 anue
1378 531 1546 580 confidentici
1558 534 1684 582 deinceps
1695 540 1744 574 in-

75 582 202 633 quietior
219 585 335 632 agitans
358 583 472 623 multa,
506 583 536 615 in
549 584 809 616 Naviculariorum
828 581 939 626 negotio
957 579 1069 626 falsum
1082 580 1216 627 admifisse
1226 583 1363 616 cominus
1374 605 1384 621 ‚
1397 585 1461 618 διε.
1489 584 1536 617 Ita
1550 583 1649 618 codex
1661 588 1742 622 Col-

74 634 209 671 bertinus
219 662 228 675 ‚
252 632 387 681 optime.
417 631 462 664 At
472 629 538 663 libri
548 629 638 666 editi:
666 638 701 667 Ε.
716 642 740 666 c.
755 632 784 667 d.
798 625 956 676 inquietins
965 631 1081 675 agitans
1092 651 1103 668 ‚
1116 633 1209 664 multa
1219 632 1249 665 in
1265 631 1522 666 Naviculariorum
1533 635 1642 679 negotio
1657 634 1743 680 falso

72 684 209 731 admififfe
219 684 372 718 convieius.
1090 725 1096 731 ι

122 735 159 766 In
171 731 284 766 eodem
297 730 350 766 lib.
366 742 437 778 pag.
454 739 528 774 522.
556 727 595 761 de
605 726 707 761 domo
721 725 898 773 Symmachi
924 724 941 759 a
955 726 1113 760 Romanis
1134 726 1265 761 incensa.
1296 726 1384 773 de
1403 730 1472 765 vilis
1484 730 1603 775 quidam
1620 732 1742 778 plebeias

75 780 213 828 infixerat
227 803 238 819 ‚
261 781 341 816 illum
352 778 449 824 dixtffe
468 777 526 822 fine
535 777 629 810 indice
639 775 693 811 ullo
703 778 752 811 vel
764 775 830 822 teste
841 798 851 814 ‚
866 777 929 810 διε.
955 777 1002 808 Ita
1014 772 1159 821 scriptum
1184 776 1281 824 reperi
1300 776 1331 811 in
1343 779 1452 813 codice
1466 779 1653 814 Colbertino
1667 795 1675 814 τ
1699 781 1740 816 ita

72 829 226 877 reperit&
238 828 269 862 in
281 826 452 864 Valentino
468 829 505 860 P.
519 824 672 860 Pithoeus.
700 824 736 859 Id
753 824 797 859 est
811 853 819 866 ‚
832 822 973 858 infixerat
986 824 1129 858 omniurn
1140 826 1258 860 :iuribus
1270 825 1458 876 animisque:
1489 827 1569 875 plebi
1581 829 1740 864 Romanae

74 871 208 925 plebeius
222 876 280 910 iste
299 874 503 910 calumniator
521 873 613 923 plane
638 872 824 922 persuaserat.
857 876 902 907 At
922 872 954 907 in
975 872 1104 921 vulgatis
1113 872 1196 908 libris
1206 875 1321 924 legitur-
1329 876 1483 924 finxerat:
1512 877 1597 926 quod
1609 878 1740 915 verbum

75 926 175 974 priore
187 924 251 960 min
257 924 294 960 us
305 924 348 959 est
359 923 506 961 validum.
868 957 887 960 ,,
1488 955 1492 957 ,

120 974 240 1009 Ibidem
253 987 320 1023 pag.
342 986 419 1020 524.
447 973 485 1007 de
498 971 671 1019 Lampadio
682 968 835 1007 Praefecto
848 970 938 1006 Urbi.
970 978 1069 1016 anue
1080 972 1109 1006 vi
1122 973 1237 1007 territus
1247 974 1304 1020 ipse
1315 1002 1324 1015 ‚
1346 975 1523 1021 fremituque
1532 975 1728 1022 crebrescentis

64 1022 207 1070 seditioni}
218 1026 248 1058 in
257 1024 353 1070 majus
363 1051 371 1063 ‚
397 1023 504 1070 secessit
516 1026 553 1056 aa
567 1022 711 1055 Mulvium
729 1030 857 1066 pontem.
885 1023 1018 1069 Qanto
1030 1019 1141 1055 melius
1153 1020 1250 1056 codex
1265 1022 1488 1059 Colbertinus?
1515 1030 1615 1070 anue
1626 1026 1654 1061 vi
1667 1034 1728 1059 ter-

71 1073 143 1107 ritus
157 1073 215 1117 ipse
229 1068 363 1118 primitiis
373 1071 568 1116 crebrescentis
582 1071 728 1117 seditionis
739 1072 769 1103 in
783 1070 880 1116 majus
890 1092 901 1109 ,
917 1071 944 1115 fi
958 1082 987 1106 a.
1001 1074 1044 1105 M.
1054 1080 1084 1115 p.

121 1120 240 1154 Ibidem
254 1132 325 1168 pag.
340 1131 356 1166 5
363 1131 377 1163 3
386 1133 417 1167 3.
446 1118 656 1154 Valentiniani
669 1121 710 1154 A.
727 1118 933 1154 deGratiano
954 1117 1021 1152 filio
1042 1118 1200 1166 loquentis
1225 1120 1316 1155 verba
1326 1119 1395 1155 sunt
1406 1123 1438 1155 &
1450 1120 1606 1169 promissa.
1637 1123 1737 1157 Potio-

69 1168 146 1204 ribus
175 1169 307 1214 (invidie
320 1178 400 1203 metu
413 1169 514 1204 dicitur
528 1170 540 1207 )
564 1170 692 1214 protinus
710 1168 916 1214 succreturum.
944 1170 990 1202 Ita
1016 1167 1115 1202 codex
1131 1169 1332 1204 colbertinus
1343 1197 1353 1210 ‚
1375 1169 1466 1205 bene.
1495 1172 1539 1204 At
1550 1170 1617 1205 libri
1630 1172 1736 1220 vulga-

69 1217 116 1251 tiz
140 1218 323 1252 paucioribus
334 1218 452 1252 invidie.
463 1227 544 1252 metu
557 1239 566 1256 ‚
586 1226 618 1251 ut
632 1218 757 1255 dicitur,
777 1219 905 1265 protinus
921 1217 1130 1263 succreturum.
1184 1220 1301 1256 Invidia
1322 1227 1402 1253 metu
1412 1219 1540 1259 dicitur,
1553 1218 1584 1254 id
1594 1219 1659 1261 est,
1675 1220 1732 1255 ab·

24 1288 27 1290 -
58 1265 104 1301 ‘fit
113 1265 246 1304 invidia,
269 1263 389 1300 facess'at
399 1266 536 1302 invidia:
564 1264 723 1313 pacemihi
736 1265 823 1300 liceat
836 1263 984 1300 Caelestes
996 1264 1097 1301 dicere
1107 1266 1214 1304 vestra.

116 1317 153 1349 In
166 1314 245 1349 libro
256 1328 314 1351 xxv
323 1327 334 1348 1
343 1327 355 1349 1
366 1327 378 1349 1
388 1341 395 1349 .
412 1328 481 1365 pag.
496 1326 569 1360 552.
588 1313 626 1348 de
639 1314 796 1362 Phrynico
805 1315 959 1364 Tragic0.
982 1312 1057 1350 Ct‘cm
1067 1317 1265 1359 cothurnarius
1277 1315 1362 1363 stilus
1373 1316 1537 1360 protederet
1550 1316 1729 1364 lacrimosits.

68 1364 116 1397 Ita
125 1362 196 1397 editi
209 1363 277 1398 libri
289 1376 413 1399 ornnes,
432 1367 478 1399 At
489 1365 588 1398 codex
600 1363 803 1398 Colbertinus
815 1376 906 1410 quem
916 1361 1033 1399 secutus
1044 1362 1107 1397 sum
1118 1386 1129 1402 ‚
1152 1362 1269 1398 mutata
1289 1363 1382 1398 unica
1402 1362 1536 1397 litterula
1547 1365 1648 1399 multo
1659 1377 1730 1400 me-

68 1412 149 1446 lius:
174 1409 248 1446 Ciam
259 1409 453 1446 cothurnatit‘cs
468 1412 552 1457 stilus
567 1412 731 1456 procederet
740 1412 915 1457 lacrimosus.
971 1411 1005 1446 Id
1020 1409 1064 1446 est
1077 1435 1087 1450 ,
1108 1410 1185 1444 cum
1206 1410 1306 1456 magis
1327 1410 1482 1457 magisque
1493 1410 1678 1447 cothurnate
1693 1415 1729 1449 δε

68 1459 184 1508 tragice
195 1471 228 1493 ac
239 1459 446 1494 miserabiliter
458 1460 577 1493 cladem
591 1457 780 1492 Milesiorum
792 1459 964 1502 deploraret
976 1472 986 1497 ;
1007 1469 1042 1491 ac
1056 1457 1198 1490 flebiliter
1208 1455 1340 1492 verfibus
1360 1467 1541 1504 exponeret.
1566 1462 1730 1496 cothurna-

66 1507 267 1554 rt'usrquidem
285 1507 370 1553 stilus
389 1507 499 1541 Latine
519 1506 579 1540 dici
601 1517 666 1539 non
686 1503 807 1551 potest,
830 1504 878 1539 sed
901 1504 1099 1540 cothurnatus
1118 1514 1167 1540 aut
1188 1504 1413 1541 cothurnosus:
1439 1506 1526 1542 &ita
1537 1509 1727 1545 Ammianus

65 1555 225 1603 scripturus
237 1554 290 1589 fuit
300 1577 309 1594 ‚
332 1554 406 1590 cum
418 1556 616 1598 cothurnarius
639 1552 872 1602 haudquaquam
884 1554 1030 1589 Latinum
1044 1552 1079 1588 fit
1091 1565 1222 1590 nomen.
1234 1556 1265 1588 A
1276 1556 1456 1592 cothurnatio
1467 1554 1504 1589 fit
1513 1556 1679 1594 cothurnato
1689 1561 1725 1594 δε

64 1601 272 1639 cothurnau'ics.

113 1656 151 1688 In
175 1653 254 1687 libro
277 1664 366 1688 xx1x.
387 1666 456 1701 pag.
476 1654 555 1699 598.
607 1652 734 1686 Advenit
752 1651 910 1696 aliquando
930 1651 1093 1698 tamenipse
1104 1662 1211 1698 quoque
1223 1652 1395 1688 Theodorus.
1416 1653 1466 1688 Sic
1476 1653 1576 1690 codex
1588 1654 1726 1691 colbert

65 1701 164 1741 tinus,
188 1705 220 1736 &
234 1701 337 1748 reliqui
348 1693 470 1736 omnes.
493 1701 650 1746 Aliquando
663 1711 781 1738 tamen,
802 1698 864 1734 hoc
881 1698 945 1738 est,
967 1700 1131 1749 aliquando
1151 1700 1287 1737 tandem.
1305 1702 1347 1736 Et
1369 1700 1409 1735 fic
1422 1700 1486 1738 fere
1503 1702 1623 1753 semper
1636 1706 1721 1740 Am-

67 1750 292 1784 mianustamen
308 1751 396 1796 ponit
413 1764 469 1798 pro
482 1751 619 1791 tandem3
635 1759 667 1783 ut
679 1748 827 1795 Apuleius
840 1751 957 1784 interim
970 1761 1028 1797 pro
1040 1750 1201 1785 interdum.

112 1797 232 1832 Ibidem
245 1810 312 1847 pag.
327 1811 409 1844 599.
428 1802 557 1846 Qorum
568 1800 598 1832 in
611 1799 708 1832 mario
720 1798 788 1831 bona
799 1798 897 1831 consta
908 1820 918 1836 ‚
940 1799 976 1836 ὠ·
988 1797 1044 1845 ipse
1053 1798 1091 1837 ad
1103 1797 1356 1848 quaestusproprios
1378 1800 1537 1846 redigebat.
1559 1803 1607 1837 Ita
1618 1801 1719 1838 codex

67 1846 267 1882 Colbertinus
281 1869 290 1885 ‚
304 1850 333 1881 &
348 1848 434 1884 Rob.
453 1846 597 1894 Stephani
609 1858 642 1880 ac
660 1845 730 1880 Seb-
743 1845 1056 1893 Gryphiieditiones:
1080 1845 1175 1895 vulgo
1187 1874 1194 1886 ‚
1217 1849 1247 1882 in
1255 1849 1399 1885 erarium.

114 1895 233 1930 Ibidem
247 1907 317 1943 pag.
332 1900 411 1932 602.
464 1892 660 1930 Nihilomim‘cs
672 1904 769 1929 tamen
777 1895 828 1941 ipsi
837 1906 946 1941 quoque
955 1907 1019 1929 cum
1030 1897 1215 1942 cognitoribus
1229 1898 1351 1942 Principi
1361 1898 1443 1932 cedes
1455 1899 1641 1943 incendiaque
1652 1898 1716 1944 fla-

24 1944 28 1945 ⁷
61 1945 187 1990 girantes
200 1946 298 1978 furias
310 1946 470 1982 imminere.
498 1944 547 1977 Sic
557 1943 707 1978 editiones
719 1965 729 1981 ‚
749 1944 836 1977 nullo
847 1943 936 1978 bono
947 1942 1042 1980 sensti.
1066 1943 1150 1988 Quid
1174 1943 1257 1979 enim
1276 1941 1329 1979 fibi
1343 1947 1451 1981 volunt
1462 1949 1549 1981 Furia
1561 1947 1619 1981 illae
1630 1948 1716 1981 cades

65 1993 242 2030 &incendia
257 1993 424 2038 flagitantes
436 1997 452 2028 ?
480 1995 612 2040 Qanto
626 1991 740 2026 melius
751 1991 851 2026 codex
863 1991 1093 2027 Colbertinus?
1117 1990 1311 2029 Nihilomin1>s
1333 2003 1430 2028 tamen
1449 1995 1512 2041 ipfis
1531 2006 1640 2040 quoque
1649 2006 1715 2029 cum

65 2042 249 2087 cognitoribus
265 2042 488 2087 Principicaedeis
503 2043 690 2086 incendiaque
708 2041 848 2087 flatantes
868 2044 968 2077 Furias
987 2044 1151 2078 imminere,
1201 2042 1236 2077 Id
1258 2041 1322 2081 est,
1345 2042 1454 2076 flantes
1465 2042 1562 2077 caedes
1572 2055 1605 2077 ac
1615 2043 1713 2092 ignes.

66 2088 177 2125 Verbis
185 2088 416 2137 frequentativis
427 2090 469 2124 uti
480 2090 592 2138 gaudet
605 2091 640 2126 ὃ(
649 2089 726 2123 solet
738 2092 780 2125 A.
791 2091 1005 2127 Marcellinus.
1027 2093 1110 2126 Plato
1121 2091 1138 2125 ὲ
1154 2091 1193 2137 flo
1210 2091 1376 2125 deduetum
1390 2113 1399 2129 ‚
1420 2100 1452 2125 ut
1473 2101 1540 2125 nato
1553 2091 1612 2126 ano
1623 2115 1634 2131 ‚
1646 2092 1712 2126 dato

66 2135 84 2170 Ξι
96 2139 151 2181 do;
174 2138 254 2173 unde
265 2138 439 2175 adverbium
450 2140 588 2175 datatim.
642 2137 794 2182 Ceterum
814 2139 987 2174 notandum
1009 2139 1052 2174 est
1063 2162 1074 2180 ,
1100 2140 1182 2188 quod
1196 2138 1296 2174 scribit
1305 2139 1373 2174 heic
1391 2139 1577 2175 Ammianus
1591 2163 1601 2179 ‚
1622 2139 1713 2187 ipsius

64 2186 205 2222 Valentis
217 2189 258 2223 A.
271 2191 303 2222 &
316 2187 450 2234 ipsorum
463 2187 658 2235 quaesitorum
673 2187 828 2223 cruenfam
843 2200 878 2223 ac
889 2187 1037 2223 funestam
1051 2200 1187 2223 mortem
1199 2188 1374 2223 Theodoro
1393 2186 1514 2235 ejusque
1525 2189 1713 2234 conjuratio-

63 2234 110 2269 nis
120 2235 250 2272 consciis
262 2235 344 2271 fuifl'e
355 2236 639 2285 cumipsorummet
651 2237 746 2272 exitio
760 2237 951 2285 praedistarn.
976 2238 1019 2272 Et
1042 2238 1210 2272 Valentem
1232 2237 1354 2283 quidem
1377 2249 1473 2272 nemo
1494 2237 1589 2272 nescit
1599 2236 1711 2272 misero

43 2289 45 2291 '
64 2284 171 2320 mortis
181 2297 293 2333 genere
302 2285 428 2333 periifl'e.
455 2286 617 2322 Modestus
628 2296 730 2321 autem
743 2286 907 2323 Praefeerus
925 2286 1075 2322 Praetorio
1085 2309 1095 2326 ‚
1123 2298 1158 2320 ac
1178 2285 1252 2333 post
1273 2284 1412 2326 Consul,
1422 2286 1522 2335 homo
1533 2287 1664 2324 Arianus
1676 2288 1711 2324 δε

1081 2334 1205 2380 (1³2)
