2007 2658
119 101 235 124 VALENS
247 115 255 125 ,
271 100 453 125 GRATJANUS
471 97 688 124 &Valentinianus
704 95 790 128 junior
807 98 882 120 ΑΑΑ.
953 98 1070 144 LIB.
1088 99 1269 146 XXXI
1301 101 1446 146 CAI).
1461 100 1527 147 Χαἱ
1608 102 1667 155 69
1683 118 1711 157 1,

149 132 264 156 Gratiano
275 137 306 158 Α.
319 135 361 158 lv.
371 132 396 157 δε
405 131 549 157 Merobaude
565 129 715 156 eoss.Anno
724 129 782 153 Chr.
793 136 848 159 377·

44 185 127 214 rum
146 174 273 222 tecta,
307 177 409 215 inter
420 172 641 227 complures
654 172 751 212 alios
761 169 921 211 audaces
936 176 973 212 &
991 171 1116 212 forres
1144 174 1160 200 d
1183 175 1286 227 Rege
1310 186 1468 227 quoque
1491 176 1635 214 Priario
1651 178 1706 214 in-

44 227 212 270 terfecto
224 257 234 275 ‚
269 230 475 271 exitialium
486 231 693 268 concitore
708 239 929 282 pugnarum.
947 228 1031 266 Hac
1046 228 1119 266 laeti
1137 227 1321 267 succeffus
1335 229 1473 270 fiducia
1497 232 1705 271 Gratianus

46 285 220 332 erastus,
248 288 408 339 jamque
428 283 474 324 ad
497 294 626 337 partes
650 283 817 323 tendens
830 287 949 326 ans,
964 282 1141 323 laevorsus
1157 283 1260 322 flexo
1276 285 1704 327 itinerelatenterRhe-¹

43 354 97 381 110
112 341 274 381 transito
290 371 299 386 ‚
328 342 394 394 spe
407 342 604 378 incitatior
615 338 718 378 bona
731 369 739 383 ‚
772 337 982 378 universam
1010 337 1068 386 (ss
1084 337 1120 377 id
1135 342 1302 378 tentanti
1315 337 1395 379 fors
1417 336 1577 381 afluiflet
1594 344 1613 395 J
1636 343 1704 382 de-

41 397 122 436 lere
132 397 256 437 statuit
268 394 484 435 malefidam
502 400 538 436 &
551 395 744 434 turbarum
758 393 904 434 avidam
917 405 1084 448 gentem.
1115 396 1284 447 Hocque
1305 396 1526 451 urgentibus
1546 397 1626 437 aliis
1647 399 1704 437 su-

40 465 112 506 per
123 453 218 492 alios
231 454 374 491 nuntiis
391 454 553 506 cognito
566 479 576 497 ‚
609 449 833 490 Lentienses
851 453 1024 489 aerumnis
1037 449 1171 504 populi
1183 449 1237 488 sui
1249 449 1294 490 ad
1307 454 1614 493 internecionem
1626 466 1704 509 paea

38 520 89 546 ne
105 507 247 554 deleti,
279 513 316 548 &
331 510 537 561 repentino
552 510 737 561 Principis
749 505 917 546 adventu
929 504 1045 545 defixi
1059 535 1068 551 ‚
1100 504 1191 559 quid
1203 505 1439 560 capesserent
1449 509 1701 565 ambigenteS,

37 564 125 602 cum
137 575 263 616 neque
275 563 510 619 repugnandi
525 576 649 618 neque
662 561 795 618 agendi
810 560 950 614 aliquid
963 574 1026 601 aut
1050 561 1241 602 moliendi
1265 562 1521 604 laxamentum
1545 565 1699 620 poss'ent

37 621 210 660 invenire
223 619 285 660 vel
297 619 413 660 breve
425 649 434 664 ‚
464 623 610 674 impetu
624 619 737 659 celeri
750 617 919 658 obsessos
934 621 1158 673 petiverunt
1171 621 1282 660 inviis
1295 619 1466 659 cautibus
1480 621 1601 662 colles
1614 643 1621 663 :
1636 623 1701 663 ab·

36 674 232 729 ruptisque
255 688 324 730 per
347 675 529 716 ambitum
540 676 693 730 rupibus
720 673 934 714 insistentes
948 704 957 720 ‚
990 674 1100 714 rebus
1121 675 1417 730 caritatibusque
1435 675 1507 716 suis
1530 691 1622 731 quas
1644 678 1700 718 se-

34 744 122 770 cum
139 730 329 772 duxerant
342 760 351 776 ,
384 735 491 772 omni
507 735 641 773 virium
659 731 801 771 robore
813 730 1117 787 propugnabant.
1148 732 1237 785 Qia
1250 729 1478 772 difficultate
1491 734 1676 788 perpensa
1689 765 1700 780 ‚

34 786 141 828 velut
153 801 349 828 murorum
363 788 533 828 obicibus
547 787 776 844 opponendi
789 801 858 842 per
870 787 1046 841 legiones
1067 786 1228 842 singulas
1258 796 1274 812 2
1295 791 1546 844 quingenteni
1566 790 1700 846 legun-

34 851 97 883 tur
111 848 268 888 armati,
300 844 364 884 usu
387 844 599 899 prudenter
619 843 998 896 bellandicomperti.
1034 844 1114 897 Qui
1138 856 1180 883 ea
1191 856 1232 882 re
1243 846 1457 884 animorum
1471 846 1580 885 aucta
1602 847 1700 887 fidu·-

33 900 92 939 cia
105 928 118 947 ,
150 900 258 955 quod
271 901 408 941 versari
419 904 520 939 inter
537 898 807 955 antesignanos
825 898 1013 940 visebatur
1025 903 1165 938 acriter
1178 901 1362 954 Princeps
1377 928 1387 945 ,
1420 914 1579 942 montes
1591 903 1697 943 scan-

30 954 124 997 dere
139 956 359 996 nitebantur
373 985 382 1000 ‚
395 966 409 982 ‘²
432 968 628 1010 tamquam
664 965 674 990 3
698 958 906 997 venaticias
922 955 1066 1010 praedas
1078 985 1086 1000 ‚
1102 955 1127 994 fi
1149 955 1278 995 calcass
1283 968 1350 996 ent
1364 955 1529 998 editiora
1542 988 1551 1001 ‚
1566 959 1698 1000 confe-

30 1012 115 1054 stim
129 1011 208 1053 fine
218 1015 429 1052 certamine
440 1012 521 1052 ullo
544 1015 687 1066 rapturi
707 1029 718 1053 :
739 1011 995 1066 exorsumque
1018 1011 1193 1065 proelium
1221 1025 1408 1069 vergente
1435 1017 1473 1053 in
1487 1014 1695 1067 *meridiem

27 1067 114 1117 die,
150 1068 317 1109 tenebrae
329 1081 486 1122 quoque
507 1080 747 1122 occupavere
769 1068 979 1108 noeturnae.
1012 1066 1172 1123 Qippe
1193 1081 1336 1124 magno
1355 1070 1549 1126 utriusque
1576 1076 1697 1125 partis

30 1124 268 1180 pugnabatur
280 1126 399 1164 exitio
412 1142 421 1163 ι
435 1122 631 1164 caedebant
641 1123 906 1178 cadebantque
916 1123 1134 1165 nostrorum
1148 1138 1227 1163 non
1240 1129 1368 1179 pauci:
1386 1123 1492 1166 fimul
1505 1140 1607 1167 arma
1619 1129 1696 1169 Im·-

29 1182 214 1236 peratorii
226 1182 436 1220 comitatus
448 1180 807 1234 aurocolort‘imque
819 1183 995 1220 micantia
1015 1179 1243 1220 claritudine
1256 1209 1265 1225 ‚
1290 1181 1529 1232 jaculatione
1543 1184 1694 1238 ponde-

34 1250 117 1276 rum
130 1235 247 1276 densa
258 1234 608 1292 confringebantur.
644 1246 660 1270 4
679 1238 695 1263 f
715 1240 869 1276 Etenim
884 1238 949 1277 diu
961 1248 1165 1291 reputante
1177 1237 1367 1277 Gratiano
1380 1251 1465 1278 cum
1480 1241 1695 1294 Optimati-

27 1291 98 1332 bus
123 1319 134 1338 ,
168 1291 425 1346 perniciosum
450 1293 657 1348 apparebat
689 1298 727 1335 &
751 1295 898 1333 irritum
926 1305 1066 1333 contra
1088 1291 1314 1347 asperitates
1342 1307 1520 1350 aggerum
1543 1300 1693 1350 protnl-

28 1349 203 1388 nentium
216 1348 483 1403 intempestiva
495 1349 737 1390 contendere
747 1351 957 1404 pertinacia
973 1350 1121 1389 :multis
1151 1349 1173 1403 (
1187 1361 1229 1389 ut
1242 1352 1280 1389 in
1294 1348 1361 1390 tali
1374 1354 1562 1406 negotio)
1595 1357 1693 1394 vari-

29 1406 102 1444 atis
115 1402 317 1443 sententiis
332 1432 342 1449 ‚
372 1404 504 1445 otioso
520 1404 643 1445 milite
653 1404 926 1446 circumvallari
941 1405 1083 1460 placuit
1106 1405 1294 1448 Barbaros
1317 1406 1443 1446 inedia
1471 1405 1658 1464 fatigatos
1678 1441 1689 1457 ‚

27 1462 116 1514 quia
129 1457 305 1498 locorum
317 1462 517 1514 iniquitate
527 1459 845 1502 defendebantur.
877 1464 1022 1502 Verum
1032 1462 1119 1501 cum
1132 1461 1388 1503 obstinatione
1399 1461 1509 1503 fimili
1519 1468 1692 1506 reniten-

29 1526 89 1556 tes
102 1516 288 1555 Germani
299 1518 490 1570 peritique
502 1520 699 1573 regionum
712 1514 894 1573 petissent
903 1517 998 1558 alios
1010 1530 1167 1558 montes
1178 1547 1191 1566 ‚
1221 1518 1278 1559 his
1303 1531 1402 1574 quos
1427 1522 1517 1559 ante
1541 1520 1691 1562 insede-

30 1582 116 1611 rant
130 1571 314 1610 altiores:
329 1573 538 1613 conversus
552 1572 637 1613 illuc
650 1588 735 1613 cum
749 1577 918 1613 exercitu
935 1575 1154 1628 Imperator
1167 1604 1176 1620 ‚
1210 1574 1344 1615 eadem
1360 1589 1433 1628 qua
1453 1588 1566 1616 antea
1577 1575 1688 1618 forti-

28 1625 162 1666 tudine
177 1626 330 1667 semitas
345 1626 532 1674 ducentes
544 1629 588 1669 ad
601 1630 715 1670 ardua
727 1628 959 1683 quaeritabat.
995 1631 1125 1684 Quem
1139 1631 1363 1671 Lentienses
1376 1634 1568 1672 intentum
1574 1637 1687 1690 jugu.

28 1680 74 1722 lis
86 1681 689 1737 suisomniperseverandistudio
711 1685 1026 1739 contemplantes
1040 1715 1049 1731 ,
1079 1686 1165 1740 post
1187 1686 1452 1734 deditionem,
1481 1702 1596 1743 quam
1616 1694 1688 1731 im,

61 1801 79 1818 2
99 1791 144 1818 Al.
155 1793 323 1827 quingentini
333 1793 428 1820 milites
436 1793 574 1830 leguntur.
617 1803 627 1826 3
651 1795 694 1821 Al.
704 1799 841 1824 venaticas.
867 1797 961 1831 gnaffe.
993 1796 1125 1824 Lindenbr.

29 1837 46 1861 4
65 1827 245 1863 MsErmAl.
261 1830 295 1855 Et
305 1829 372 1856 inde.
474 1860 476 1862 v
904 1842 918 1859 e
937 1835 1081 1869 Tamquam
1089 1834 1359 1872 venaticiaspraedas.]
1384 1836 1479 1863 Melius
1495 1846 1556 1864 meo
1572 1839 1680 1874 quidem

110 1862 113 1867 ’
868 1869 1094 1904 judicioscribitur
1104 1874 1130 1898 in
1140 1873 1224 1906 Regio
1233 1873 1376 1907 exemplari
1388 1876 1538 1901 venaticas:
1557 1874 1590 1902 fic
1600 1879 1625 1903 in
1637 1887 1682 1904 ve-

871 1908 920 1933 teri
930 1909 1029 1934 Lexico
1040 1910 1173 1934 Venaticm
1181 1912 1224 1944 θκρ
1226 1920 1287 1935 aaaaa
1290 1911 1308 1937 ἐς
1318 1910 1475 1945 explicatur.
1494 1912 1544 1938 Sed
1561 1915 1682 1947 parviin-

65 1939 83 1966 d
103 1941 168 1975 Rege
175 1948 268 1976 quoque
276 1941 372 1967 Prrario
387 1940 533 1976 interfefffo]
557 1941 711 1977 AmpleQm-
720 1942 840 1969 emenda-
868 1944 945 1971 retest
957 1953 1021 1971 utro
1031 1945 1112 1971 modo
1127 1945 1263 1972 scribatur.
1285 1947 1354 1973 Nam
1370 1949 1396 1973 in
1413 1949 1545 1982 principio
1560 1950 1601 1976 lib.
1616 1960 1686 1978 xxm

30 1978 132 2003 tionem
141 1977 243 2003 Clariss.
259 1977 456 2013 amiciffimique
465 1979 547 2004 Marci
563 1978 671 2006 velseri,
693 1981 839 2007 Duumviri
866 1981 1139 2015 venaticiampraedam
1148 1983 1298 2017 agnoscunt
1309 1983 1394 2010 nostri
1403 1985 1517 2012 codices.
1535 1986 1616 2022 Vtiles.

29 2013 143 2048 August.
176 2013 286 2048 legentis
311 2033 317 2043 .
352 2017 419 2049 Rege
449 2023 544 2051 quoque
577 2017 677 2042 Priamo
701 2016 836 2052 interfefft'o.
906 2018 922 2045 f
936 2020 1035 2044 Etenim
1043 2018 1228 2054 dittrepurante.
1239 2024 1251 2049 ‘j
1263 2021 1292 2046 ln
1305 2021 1351 2047 MC
1362 2022 1380 2047 F
1384 2021 1436 2048 lor.
1447 2022 1497 2057 legi
1508 2023 1684 2052 Lindenbro-‘

29 2050 141 2078 Indubie
169 2053 239 2077 enirn
262 2049 295 2077 fic
323 2052 443 2077 Ammian
481 2051 589 2088 scripsit.
628 2055 719 2089 Atque
752 2057 773 2080 is
799 2054 838 2080 est
866 2057 923 2090 gius
932 2056 1055 2082 monuit:
1066 2056 1337 2093 Etmdiureputante‚
1355 2055 1410 2087 &a
1431 2061 1456 2085 in
1480 2059 1570 2086 codice
1593 2062 1678 2096 Regio

28 2088 150 2115 Priamus
167 2086 220 2114 five
236 2095 310 2122 pater
331 2106 338 2117 ,
353 2087 406 2114 five
428 2087 500 2115 filius
517 2109 524 2119 ‚
544 2089 576 2116 de
591 2098 648 2124 quo
664 2092 691 2116 in
717 2091 837 2118 Chroni-
865 2091 995 2129 scriptum
1006 2094 1095 2119 inveni
1106 2103 1111 2119 :
1123 2096 1256 2121 Ettamen.
1267 2095 1298 2120 ln
1310 2094 1600 2131 EditioneAugustana
1622 2098 1636 2113 i*
1650 2101 1681 2128 &¹

27 2126 66 2150 cis
75 2125 187 2159 Prosper
198 2126 266 2151 Tiro
277 2135 283 2149 ι
296 2133 334 2151 ιν.
345 2127 538 2152 Gratzanianno
547 2128 663 2153 Priamus
678 2126 781 2164 quidam
797 2138 836 2155 re·
865 2129 927 2156 Tol.
937 2129 1039 2156 codice:
1063 2130 1078 2145 ³¹⁶
1100 2133 1134 2157 Et
1142 2130 1206 2157 inde.
1234 2131 1305 2166 Qae'
1313 2133 1388 2158 variae
1399 2131 1539 2167 scripturae
1555 2138 1587 2160 ex
1603 2141 1682 2162 com-⁸

25 2163 123 2196 gnatin
132 2164 254 2195 Francia,
271 2168 392 2197 quantum
401 2161 730 2198 altidscofftgerepotuimus.
740 2166 837 2201 Neque
863 2166 1000 2202 pendiariae
1018 2166 1088 2194 illius
1104 2176 1192 2196 notae,
1214 2177 1291 2204 quam
1307 2170 1394 2204 primo
1413 2169 1472 2196 loco
1489 2170 1567 2205 posui
1574 2190 1580 2201 ,
1600 2182 1683 2208 pravae

28 2197 106 2224 aliter
114 2197 280 2225 idnomenin
291 2198 426 2233 Sigeberto
442 2199 620 2227 Gemblacenfi
631 2199 646 2214 ³¹⁵
659 2201 759 2228 Abbate
782 2205 835 2229 Ur·
863 2205 1089 2237 interpretatione
1099 2212 1166 2231 natae
1177 2204 1247 2232 sunt.
1271 2206 1336 2232 Mihi
1352 2205 1418 2232 vero
1437 2206 1548 2234 dubium
1565 2218 1620 2236 non
1638 2210 1676 2241 cst

27 2232 157 2270 spei-gensi
166 2243 222 2270 pag.
230 2243 268 2269 94.
278 2235 386 2271 aliisque
393 2237 452 2270 ejus
462 2237 549 2264 iaeculi
561 2238 741 2273 Scriptoribus
757 2238 773 2254 ⁵*
789 2248 834 2268 ex·
864 2242 928 2275 quin
939 2240 1079 2274 legendum
1091 2241 1122 2267 fir
1135 2251 1140 2268 :
1153 2244 1186 2267 Et
1194 2245 1311 2279 quoniam
1328 2242 1372 2268 dite
1383 2250 1512 2278 reputante
1529 2247 1683 2275 Grati-'asim'

26 2270 245 2308 stat:&tempus
253 2272 320 2299 haud
329 2273 444 2302 abludit,
466 2281 512 2301 aut
527 2274 645 2302 insolens
661 2275 698 2302 est
718 2277 834 2304 Franco·
864 2276 918 2309 &a
939 2276 1030 2304 sensus
1040 2280 1110 2305 enim
1119 2280 1154 2305 ita
1162 2279 1303 2308 necessario
1313 2278 1436 2316 postulat.
1454 2280 1531 2309 Idem.
1620 2292 1622 2294 ·

27 2308 202 2345 rumaliquos
211 2317 263 2345 pro
278 2310 409 2338 Gratiano
419 2310 533 2342 stetim,
553 2312 618 2340 alios
634 2315 661 2340 in
675 2312 763 2348 ipsum
786 2322 836 2350 pu—
974 2351 999 2393 S
1014 2350 1088 2391 sss
