2007 2658
273 121 371 171 7¹4
723 98 1552 150 EXCERPTA

267 177 452 219 ssantinus
468 181 506 220 ὅ(
518 178 682 218 Licinius
695 175 802 216 fimul
817 174 1008 216 Consules
1017 171 1124 215 faeci.
1159 175 1200 213 ln
1216 173 1393 212 Orientis
1405 169 1576 226 partibus
1602 173 1616 199 s
1638 169 1787 210 Licinio
1798 199 1807 215 ‚
1821 170 1932 212 Com-

269 233 436 275 stantino
450 264 459 279 ,
491 245 500 262 ¹
528 236 732 288 repentina
745 233 845 271 rabie
856 230 1050 272 suscitatus
1063 232 1227 270 Licinius
1241 240 1379 268 omnes
1393 226 1631 268 Christianos
1641 225 1662 265 ὲ
1675 225 1933 280 palatiojuffiu

271 291 423 345 expelli.
453 293 551 332 Mox
564 290 705 330 bellum
718 293 819 328 inter
831 287 951 342 ipsum
967 289 1151 327 Licinium
1165 290 1202 326 &
1218 283 1514 324 Constantinum
1527 279 1714 322 efferbuit.
1733 283 1831 321 ltem
1843 282 1934 323 cum

270 347 550 387 Constantinus
564 343 833 386 Thessalonica
845 340 937 383 esset
947 371 959 388 ‚
998 352 1013 369 v
1037 341 1164 381 Gothi
1179 351 1248 395 per
1262 340 1463 394 neglectos
1489 339 1633 379 limites
1648 349 1856 392 eruperunt
1867 367 1879 386 ‚
1893 343 1935 381 &¹

270 401 412 443 vastata
422 403 585 443 Thracia
601 407 638 444 &
651 399 784 442 Moefia
798 398 943 453 praedas
956 410 1066 453 agere
1078 408 1291 451 coeperunt.
1323 398 1433 435 Tunc
1447 394 1690 435 Constantini
1715 406 1866 434 terrore
1893 399 1935 437 &

273 460 421 512 impetu
434 458 586 513 repressi
600 487 612 506 ,
639 459 818 511 captivos
830 455 881 494 illi
893 458 1098 508 impetrata
1111 465 1204 508 pace
1216 449 1560 492 redd·iderunt.Sed
1574 451 1648 491 hoc
1661 452 1825 490 Licinius
1837 464 1935 490 con·
1990 485 1994 489 .

274 524 335 553 tra
346 513 464 555 fidem
480 513 621 554 factum
633 512 783 567 questus
797 509 848 550 est
859 537 869 556 ‚
901 509 1009 563 quod
1022 521 1150 563 partes
1165 508 1236 548 suae
1248 508 1294 548 ab
1304 509 1380 548 alio
1394 505 1536 547 fuerint
1548 506 1761 547 vindicatae.
1781 506 1935 547 Deinde

273 572 361 609 cum
374 569 661 611 variass'etinter
675 564 1147 621 supplicantia&superba
1170 564 1368 609 mandata,
1399 566 1490 603 iram
1514 561 1759 603 Constantini
1790 564 1934 603 merito

274 629 468 668 excitavit.
499 627 572 667 Per
584 637 760 676 tempora
770 621 905 675 quibus
918 620 1091 660 nondum
1103 621 1305 676 gerebatur
1315 619 1455 660 bellum
1469 618 1581 659 civile
1594 648 1603 662 ,
1619 628 1635 645 ¹
1656 617 1721 658 sed
1751 621 1844 659 item
1869 631 1938 673 pa*-

274 682 425 722 rabatur
436 711 446 727 ,
480 683 644 721 Licinius
656 678 799 718 scelere
811 707 820 721 ‚
851 679 1007 718 avaritia
1021 705 1032 724 ,
1064 676 1293 717 crudelitate
1312 706 1321 722 ‚
1352 675 1510 716 libidine
1524 674 1700 715 saeviebat
1713 692 1721 713 :
1734 673 1870 715 occisis
1882 674 1936 715 ob

274 736 428 780 divitias
441 736 608 792 pluribus
619 763 630 782 ,
662 734 844 774 uxoribus
855 746 989 774 eorum
1001 736 1206 788 corruptis.
1239 735 1450 788 Ruptajam
1466 744 1560 786 pace
1579 730 1774 784 utriusque
1791 734 1937 771 exerci-

275 804 338 834 tus
351 822 361 837 .
391 792 667 833 Constantinus
681 790 869 831 Caesarem
884 789 1062 843 Crispum
1075 803 1162 829 cum
1174 788 1306 845 grandi
1319 786 1431 828 claffe
1441 786 1488 828 ad
1511 785 1776 842 occupandam
1797 786 1940 828 Afiam

274 849 523 889 miserat2cui
538 846 587 888 de
600 859 708 902 parte
720 845 1037 888 Liciniisimiliter
1057 859 1144 885 cum
1167 845 1360 885 navalibus
1387 847 1512 899 copiis
1542 854 1557 881 y
1579 845 1788 885 Amandus
1813 843 1937 884 obsta-

272 905 348 945 bat.
382 907 650 946 Liciniusvero
680 913 696 930 2
717 906 817 943 circa
829 901 1326 956 Hadrianopolimmaximo
1339 904 1509 940 exercitu
1521 900 1640 940 latera
1660 898 1765 941 ardui
1788 903 1939 942 montis

275 960 515 1015 impleverat.
549 961 642 1001 llluc
655 971 746 1000 toto
759 962 908 1016 agmine
920 957 1197 999 Constantinus
1210 957 1371 996 inflexit.
1404 957 1505 996 cum
1527 955 1668 995 bellum
1695 958 1799 996 tetra
1823 957 1938 996 mari-

274 1030 349 1072 que
362 1016 578 1058 traheretur
592 1047 601 1062 ,
633 1020 807 1071 quamvis
819 1014 1056 1071 perarduum
1069 1013 1142 1054 suis
1155 1013 1369 1053 nitentibus
1381 1040 1391 1058 ‚
1423 1024 1594 1051 attamen
1617 1011 1817 1067 disciplina
1839 1011 1939 1052 mili-

275 1077 346 1113 tari
361 1079 397 1115 &
410 1071 597 1114 felicitate
609 1071 887 1114 Constantinus
899 1072 1032 1112 Licinii
1043 1068 1246 1109 confusum
1257 1073 1300 1110 &*
1309 1066 1388 1107 fine
1404 1065 1542 1106 ordine
1553 1079 1731 1122 agentem
1756 1071 1850 1106 vicit
1871 1081 1939 1109 ex-

274 1132 436 1170 ercitum
453 1159 466 1176 ,
496 1130 635 1171 leviter
655 1129 805 1171 femore
825 1128 1022 1170 sauciatus.
1054 1125 1204 1167 Dehinc
1224 1124 1374 1181 fugiens
1386 1125 1550 1164 Licinius
1563 1124 1796 1177 Byzantium
1812 1126 1942 1177 petit:
1972 1144 1976 1147 »

274 1188 356 1241 quo
369 1184 460 1226 dum
482 1183 693 1226 multitudo
706 1185 876 1240 diffipata
894 1181 1154 1225 contenderet
1167 1210 1177 1228 ‚
1211 1181 1340 1222 clauso
1362 1181 1562 1237 Byzantio
1581 1180 1748 1220 Licinius
1770 1177 1942 1220 obsidio-

273 1255 365 1282 nem
377 1255 567 1284 terrenam
586 1245 700 1283 maris
712 1241 862 1283 securus
873 1240 1049 1298 agitabat:
1062 1239 1126 1280 sed
1139 1239 1416 1280 Constantinus
1425 1234 1576 1277 classem
1588 1235 1747 1293 collegit
1759 1248 1806 1276 ex
1817 1235 1946 1277 Thra-

273 1303 343 1340 cia.
373 1299 525 1340 Dehinc
537 1299 650 1340 solita
660 1303 830 1340 vanitate
843 1301 1007 1339 Licinius
1020 1299 1293 1338 Martinianum
1307 1295 1373 1337 fibi
1395 1293 1617 1352 Caesarem[
1633 1292 1761 1344 fecit]
1779 1291 1939 1348 Crispus

273 1358 372 1398 vero
391 1369 477 1396 cum
490 1355 603 1397 classe
617 1355 866 1396 Constantini
886 1354 1110 1410 Callipolim
1137 1357 1315 1408 pervenit
1327 1352 1430 1398 :ubi
1451 1350 1556 1392 bello
1577 1353 1773 1391 maritimo
1802 1347 1940 1390 fic·A-

274 1413 456 1454 mandum
469 1416 563 1454 vicit
577 1441 586 1460 ‚
617 1423 660 1452 ut
672 1415 734 1452 vix
748 1425 816 1467 per
827 1425 897 1452 eos
911 1414 977 1466 qui
988 1414 1026 1450 in
1039 1410 1156 1450 litore
1168 1409 1428 1450 remanserant
1444 1438 1453 1452 ‚
1486 1411 1595 1449 vivus
1612 1404 1818 1448 Amandus
1842 1401 1940 1446 effu-

275 1482 395 1526 geret.
428 1469 562 1511 Claffis
575 1469 669 1511 vero
682 1469 816 1508 Licinii
830 1469 888 1509 vel
907 1465 1084 1522 oppressa
1108 1466 1170 1506 vel
1191 1478 1304 1521 capta
1315 1465 1380 1507 est.
1419 1466 1583 1505 Licinius
1604 1463 1803 1519 desperata
1826 1464 1947 1502 maris-

275 1525 344 1580 spe
354 1540 424 1581 per
434 1525 542 1581 quod
553 1525 591 1566 se
602 1523 750 1566 uiderat
760 1524 1014 1565 obsidendum
1031 1549 1043 1567 2
1066 1521 1360 1564 Chalcedonam
1374 1534 1460 1562 cum
1473 1519 1660 1561 thesauris·
1679 1518 1827 1574 refugit.
1862 1519 1942 1574 By-

276 1586 450 1623 zantium
463 1582 744 1622 Constantinus
764 1580 901 1621 invasit
915 1614 922 1625 .
935 1581 1138 1623 victoriam
1157 1581 1385 1620 maritimam
1401 1577 1546 1632 Crispo
1566 1578 1828 1617 conveniente
1848 1587 1941 1629 cog-

278 1638 455 1681 noscens.
484 1636 636 1678 Deinde
657 1636 756 1691 apud
779 1635 1064 1692 Chrysopolim
1078 1637 1243 1676 Licinius
1277 1633 1522 1690 [pugnavit]
1546 1635 1708 1673 maxime
1731 1630 1942 1671 auxilianti-

277 1693 348 1735 bus
360 1693 507 1736 Gothis
519 1706 620 1747 quos
642 1693 834 1746 Aliquaca
854 1692 1004 1749 Regalis
1027 1689 1240 1731 deduxerat
1261 1708 1270 1730 z
1287 1692 1375 1730 cum
1398 1689 1647 1731 Constantini
1675 1701 1762 1742 pars
1781 1689 1949 1728 vincens-

278 1765 369 1791 xxv.
383 1765 423 1792 M.
434 1761 667 1791 armatorum
680 1746 779 1788 fudit
791 1752 911 1802 partis
923 1745 1086 1788 adversae
1099 1774 1109 1789 .
1139 1750 1280 1786 ceteris
1299 1744 1544 1800 fugientibus.
1574 1743 1711 1784 Postea
1722 1745 1808 1783 cum
1821 1741 1945 1798 legio-

279 1820 350 1848 nes
363 1806 612 1848 Constantini
638 1817 708 1860 per
718 1803 920 1844 Liburnam
943 1799 1262 1844 venirevidissent
1275 1831 1287 1849 ,
1317 1799 1504 1856 projectis
1518 1803 1630 1840 armis
1645 1799 1684 1839 se
1693 1797 1939 1839 dediderunt.

281 1863 471 1918 Sequenti
491 1873 618 1903 autem
638 1860 701 1901 die
713 1860 944 1901 Constantia
958 1857 1350 1905 sororConstamini,
1379 1870 1476 1897 uxor
1487 1857 1642 1898 Licinii,
1677 1857 1784 1895 venit
1811 1852 1858 1894 ad
1880 1866 1944 1894 ca-

282 1918 512 1964 strafratris‚
546 1920 736 1959 &marito
757 1919 875 1957 vitam
899 1914 1103 1970 poposcit,
1117 1918 1155 1956 &
1176 1915 1409 1971 impetravit.
1443 1915 1499 1952 lta
1523 1913 1686 1952 Licinius
1708 1913 1878 1965 privatus
1888 1907 1950 1950 fa-·

282 1975 367 2017 &us
389 1975 443 2018 est
456 2005 466 2022 ‚
499 1980 538 2018 &
556 1976 741 2015 convivio
755 1973 1005 2016 Constantini
1026 1968 1239 2012 adhibitus:
1273 1975 1312 2013 &
1333 1971 1570 2010 Martiniano
1588 1970 1669 2010 vita
1688 1963 1864 2007 concessa
1875 1964 1941 2006 est.

285 2069 384 2096 minoris
395 2067 569 2106 Scythiaesedes
576 2066 657 2103 elegit.
678 2065 762 2094 Vales.
879 2062 885 2065 “
1163 2074 1180 2091 x
1201 2068 1263 2092 Item
1274 2063 1448 2101 parabant]
1471 2061 1556 2091 Forte
1574 2060 1744 2090 scribendum
1762 2058 1801 2086 est
1814 2077 1821 2088 .
1839 2059 1942 2085 interim

322 2105 339 2131 s
353 2109 466 2137 meo,
491 2105 657 2141 Constantino.
673 2104 810 2167 {Supple
824 2100 977 2137 Confidibm.
999 2101 1026 2128 1³
1044 2109 1102 2129 erat
1125 2101 1273 2136 parabatur.
1282 2101 1504 2131 Valefius.l'offis
1513 2102 1630 2137 cogitare
1632 2098 1679 2134 sed
1680 2098 1738 2133 jam
1744 2094 1886 2132 parabatur
1893 2101 1942 2122 aut

285 2151 370 2169 annus
383 2145 462 2170 Dom.
477 2151 533 2177 ³¹9·
544 2151 601 2178 quo
610 2141 674 2168 Con
700 2144 810 2168 antinus
819 2139 959 2176 Augustus
969 2139 1038 2167 V.&
1054 2139 1102 2166 Li·
1120 2136 1366 2175 fidcomparabamr
1377 2141 1467 2167 Gron.
1584 2138 1590 2145 ⁸

285 2181 370 2206 tinius
380 2179 470 2208 Caesar
479 2178 616 2207 Consules
625 2176 748 2206 suerum.
767 2177 844 2205 Idem.
1166 2184 1182 2212 y
1205 2176 1366 2212 Amandus]
1389 2175 1514 2203 Zosimus
1523 2175 1628 2202 scum
1636 2178 1713 2198 vocat
1723 2181 1728 2195 :
1737 2171 1866 2205 Sigonius
1876 2169 1903 2195 in
1911 2166 1943 2196 li·

324 2224 336 2243 r
357 2219 494 2252 Repentina
501 2216 572 2242 rabie
572 2214 708 2250 suscitatus
724 2216 846 2242 Licinum.
853 2220 872 2250 J
891 2213 955 2240 Haec
970 2212 1099 2248 periodus
1129 2213 1182 2240 bris
1192 2213 1223 2241 de
1233 2215 1346 2250 imperio
1357 2212 1539 2242 Occidentali,
1559 2212 1660 2238 Abanta
1671 2209 1791 2234 nominat
1801 2202 1943 2242 corrupte.

288 2253 454 2288 transscripta
462 2253 499 2279 est
509 2252 589 2280 exlnb,
604 2259 625 2284 7.
637 2250 789 2287 Orosiicap.
799 2254 841 2278 28.
862 2249 938 2278 Idem.
1127 2249 1208 2286 VaIeJ.
1945 2237 1949 2249 ⁸

327 2299 343 2316 v
363 2289 470 2325 Girba]
494 2290 580 2317 Immo
590 2290 714 2315 Sarmata:
723 2287 790 2316 duce
799 2285 982 2317 Raufimodo.
998 2293 1031 2314 ut
1039 2295 1102 2314 nar·
1167 2294 1185 2315 z
1212 2289 1288 2316 Circa
1297 2285 1535 2324 Hadrianopolim.)
1554 2285 1618 2312 Haec
1642 2280 1748 2318 insignis
1771 2276 1947 2308 Constantini

289 2333 330 2354 ut
341 2324 466 2355 zdmus
477 2328 504 2354 in
514 2325 584 2353 libro
594 2323 717 2353 secundo.
737 2325 815 2354 Idem.
