2007 2658
136 73 850 141 vm}31¹3222333531553253253222·⁶¹²‘¹²·
967 77 1082 125 LiB.
1099 81 1255 127 xxx.
1280 82 1421 130 CAP.
1435 83 1471 132 1.
1614 85 1676 149 63
1688 103 1710 148 5

66 162 146 204 que
163 150 201 189 in
222 150 388 190 modum
414 149 662 190 scintillarum
683 149 862 203 sagittas,
893 148 959 189 sed
989 152 1005 178 d
1027 152 1228 193 voluntate
1258 168 1408 203 errans,
1439 159 1493 196 ita
1513 156 1551 197 in
1575 155 1713 211 fugam

67 206 260 259 compulit
273 235 283 250 ‚
315 217 358 246 ut
371 219 461 245 cum
478 205 660 244 Tribuno
673 206 814 252 milites
826 204 988 245 universi
1003 208 1263 259 perterrefaffi
1275 236 1286 256 ‚
1318 212 1486 251 vividius
1509 226 1626 266 quam
1648 228 1711 253 ve.

65 272 197 301 nerant
208 273 416 311 remearent
432 260 482 300 ad
499 274 646 300 muros.
678 260 780 301 Exin
791 260 939 301 solutus
950 263 1056 301 omni
1077 261 1285 303 formidine
1299 295 1309 312 ,
1340 266 1461 306 biduo
1474 271 1511 306 ὃς
1538 269 1711 308 ὺὶηοᾶἰο

65 317 272 358 exanclatis
295 318 474 357 itinerum
502 316 698 356 laboribus
721 318 868 371 magnis
885 345 897 364 ,
932 317 1022 357 ciim
1047 317 1097 357 ad
1120 313 1266 359 flumen
1288 321 1446 361 veniffet
1459 321 1682 376 Euphraten
1698 351 1710 370 ‚

65 376 102 414 &
116 374 251 427 inopia
263 374 417 412 navium
430 371 703 426 voraginosum
717 386 868 412 amnem
884 373 986 413 vado
999 372 1155 413 transire
1165 387 1242 413 non
1254 376 1376 426 posset
1387 403 1399 422 ‚
1427 378 1545 417 nandi
1566 379 1713 431 impru-

63 429 196 468 dentia
205 429 430 482 paventibus
443 429 574 468 multis
586 456 598 475 ‚
623 428 703 481 ipse
715 430 890 476 omnium
904 430 1073 469 maxime
1083 429 1345 469 cunctabatur:
1359 435 1396 469 ὃς
1412 432 1637 472 remansisset
1652 462 1661 478 ‚
1672 435 1710 473 ni

63 485 211 524 cunctis
229 485 462 524 versantibus
477 486 582 526 varia
603 484 644 524 id
656 486 821 538 reperire
836 485 1018 539 potuisset
1031 484 1221 539 effugium
1232 526 1234 529 ,
1245 486 1283 523 in
1297 485 1523 526 necessitatis
1544 490 1710 543 abrupto

63 539 304 580 tutissimum.
322 540 501 581 Lectulos
515 542 552 579 in
564 540 664 580 villis
675 552 849 594 repertos
862 550 876 567 ⁰
899 542 995 580 binis
1009 542 1158 580 utribus
1170 539 1429 586 suffulserunt,
1440 555 1609 594 quorum
1631 556 1711 584 erat

61 596 259 636 abundans
272 609 397 650 prope
418 597 456 636 in
478 597 577 650 agris
600 597 753 636 vinariis
774 597 909 650 copia:
925 597 1067 650 quibus
1094 596 1248 651 singulis
1264 596 1446 636 Proccres
1459 597 1658 639 insidentes
1671 605 1711 639 δε

61 640 240 706 Regulus
252 652 346 706 ipse,
357 655 533 704 jumenta
543 651 972 706 trahentes‚praeruptos
985 653 1174 692 undarum
1187 651 1474 692 occursantium
1485 651 1631 692 fluetus
1643 656 1714 694 ob-

61 708 219 762 liquatis
242 709 429 748 meatibus
459 708 723 748 declinabant:
753 708 912 762 hocque
938 720 1164 748 commento
1189 709 1346 748 tandem
1360 709 1409 748 ad
1432 708 1649 748 ulteriorem
1666 712 1714 749 ri-

61 777 153 820 pam
176 763 263 818 post
291 775 463 804 extrema
484 765 704 804 discrimina
727 776 993 818 pervenerunt.
1027 764 1331 804 Residuiomnes
1353 765 1466 818 equis
1487 765 1705 805 investina-

63 820 233 860 tantibus
246 848 271 867 ,ν
288 824 325 860 &
341 821 619 860 circumluente
642 817 804 860 flumine
822 820 921 873 saepe
932 820 1089 860 demersi
1096 820 1313 874 jastatique
1326 848 1337 866 ,
1365 820 1548 860 infirmati
1561 823 1714 874 pericu-

60 875 143 918 loso
159 877 318 916 madore
339 876 587 930 expelluntur
608 875 658 914 ad
682 877 893 915 contrarias
912 877 1122 930 margines:
1157 877 1221 916 ubi
1236 876 1442 930 paullisper
1457 876 1589 916 refesti
1602 904 1612 923 ,
1641 891 1714 916 ex-

60 933 234 986 peditius
249 933 366 984 quam
382 932 520 971 diebus
537 932 738 984 praeteritis
760 932 999 972 incedebant.
1033 933 1127 973 Hoc
1142 935 1319 972 nuntiato
1331 933 1516 986 Princeps
1528 933 1713 973 antediffl

58 987 155 1043 fuga
169 987 363 1042 perculsus
376 1015 388 1034 ‚
410 987 425 1013 f
438 1001 554 1040 quem
569 987 815 1040 elaqueatum
830 988 947 1028 fidem
962 1000 1167 1042 rupturum
1179 988 1423 1028 existimabat
1436 1017 1446 1031 ‚
1458 1001 1546 1027 cum
1559 987 1714 1043 sagitta-

0 1095 1 1098 *
59 1045 122 1085 riis
145 1044 248 1083 mille
269 1043 468 1083 succinens
494 1047 533 1083 &
566 1043 712 1083 levibus
738 1044 943 1084 Danielum
967 1047 1087 1084 mittit
1116 1048 1154 1085 ὃ(
1179 1045 1437 1084 Barzimerem
1463 1055 1711 1084 revocaturos

0 1117 1 1133 1
56 1113 146 1140 eum
163 1127 174 1146 ,
205 1099 406 1139 Comitem
421 1112 566 1144 unum,
595 1099 756 1138 alterum
782 1100 1045 1140 Scutariorum
1070 1100 1305 1140 Tribunum.
1340 1101 1397 1140 Hi
1422 1100 1599 1141 locorum
1619 1114 1713 1154 gna-

61 1157 175 1196 ritate
186 1154 322 1203 'ccnfisi
339 1183 351 1203 ‚
380 1156 491 1209 quod
506 1155 569 1194 ille
582 1167 792 1209 properans
804 1183 816 1203 ,
847 1167 890 1195 ut
903 1157 1126 1210 peregrinus
1139 1160 1176 1196 ὃ(
1191 1155 1358 1195 insuetus
1370 1156 1584 1195 maeandros
1595 1155 1713 1195 facie-

59 1212 123 1252 bat
136 1216 169 1251 &
185 1224 304 1265 gyros
320 1238 333 1258 ‚
361 1210 650 1265 compendiosis
665 1211 825 1251 vallibus
837 1213 916 1263 ejus
927 1213 1059 1252 itinera
1072 1222 1357 1265 praevenerunt:
1372 1215 1411 1251 &
1423 1211 1552 1251 divisis
1564 1212 1662 1251 inter
1673 1211 1711 1252 se

61 1269 188 1322 copiis
203 1294 214 1314 ,
237 1265 401 1306 clausere
420 1268 499 1306 vias
524 1268 720 1320 proximas
749 1268 844 1307 duas
867 1268 982 1308 trium
1007 1268 1171 1307 millium
1190 1267 1391 1307 intervallo
1415 1265 1608 1306 distinEtas
1623 1294 1635 1313 ,
1666 1277 1711 1307 ut

60 1323 284 1364 transiturus
297 1336 366 1376 per
377 1325 562 1362 utramvis
574 1334 775 1376 caperetur
787 1324 1034 1378 improvidus
1047 1339 1054 1363 :
1069 1322 1134 1364 sed
1145 1324 1301 1364 evanuit
1322 1324 1537 1377 cogitatum
1551 1323 1628 1362 hoc
1649 1337 1712 1362 ca-

60 1379 112 1420 su.
144 1379 287 1420 Viator
298 1379 458 1432 quidam
473 1379 522 1418 ad
535 1379 717 1418 citeriora
729 1378 906 1419 festinans
919 1409 932 1430 ‚
965 1380 1054 1419 curn
1075 1380 1221 1420 bivium
1245 1390 1395 1419 armato
1416 1379 1539 1419 milite
1560 1378 1712 1419 vidisset

61 1434 290 1489 oppletum,
323 1442 341 1469 g
363 1448 431 1488 per
448 1434 683 1489 posterulam
717 1434 735 1461 h
755 1438 947 1475 tramitem
961 1436 1132 1475 medium
1145 1434 1380 1489 squalentem
1395 1433 1568 1476 fruteffis
1580 1439 1615 1476 ὅ(
1631 1433 1711 1475 sen-

60 1493 163 1534 tibus
177 1491 410 1530 vitabundus
422 1492 614 1531 excedens
626 1517 638 1536 ,
662 1491 700 1530 in
713 1491 916 1531 Armenios
928 1492 1065 1532 incidit
1081 1492 1194 1531 feffos
1206 1507 1219 1531 .·
1251 1496 1292 1531 δι’
1302 1492 1441 1531 mistus
1453 1491 1504 1531 ad
1518 1492 1668 1545 Regem
1693 1517 1705 1537 ,

59 1560 200 1590 arcano
217 1550 387 1586 sermone
399 1545 522 1586 solum
538 1558 628 1601 quae
640 1546 788 1586 viderat
799 1547 918 1587 docet
929 1574 941 1594 ,
967 1562 1012 1588 ac
1024 1549 1208 1587 retinetur
1219 1547 1394 1587 intaE‘ais.
1423 1548 1607 1600 Moxque
1629 1560 1710 1585 me-

59 1614 104 1645 tu
118 1601 355 1644 dissimulato
366 1616 484 1655 eques
497 1603 665 1641 mittitur
676 1602 932 1642 clandestinus
956 1604 1006 1643 ad
1016 1604 1200 1643 dextrum
1223 1604 1365 1642 itineris
1387 1602 1485 1642 latus
1497 1630 1509 1648 ,
1539 1601 1709 1643 diverso-

59 1661 115 1700 ria
125 1662 372 1714 paraturus&
384 1658 535 1698 cibum:
551 1672 632 1713 quo
646 1658 819 1712 paullum
831 1659 1030 1714 progresso
1042 1687 1055 1707 ‚
1086 1660 1126 1699 in
1145 1659 1285 1699 laevum
1308 1658 1473 1699 trastum
1497 1660 1589 1698 item
1611 1658 1708 1699 alius

97 1749 114 1776 d
134 1747 265 1775 Voluntate
279 1757 366 1775 errans
380 1750 408 1775 in
419 1748 510 1784 fugam
527 1747 672 1784 comproba]
696 1750 727 1775 In
743 1749 870 1781 Editione
882 1747 885 1768 l
899 1758 953 1785 cap.
973 1759 1012 1776 ri.
1027 1750 1107 1778 sumit
1125 1759 1175 1786 pro
1198 1749 1215 1765 *
1234 1749 1331 1784 postica
1345 1752 1387 1775 vel
1404 1747 1521 1783 postico,
1545 1758 1592 1775 une
1597 1754 1664 1782 porte
1677 1747 1709 1775 de

61 1785 313 1822 Augustscri'ptum
321 1786 422 1819 reperi,
441 1784 729 1819 erranshancinfugam
742 1786 868 1821 compulit.
898 1784 1015 1816 dem-iere,
1035 1784 1157 1813 velcerte
1167 1795 1216 1822 pro
1226 1785 1286 1812 falsa
1294 1793 1380 1820 poi-ta.
1403 1784 1418 1800 ²*
1440 1787 1481 1811 Si'c
1489 1787 1558 1811 enim
1567 1786 1610 1812 ai't:
1618 1786 1709 1824 Qan-

58 1825 133 1852 Atin
143 1823 228 1856 Regio
248 1820 261 1856 [
282 1823 308 1848 ὃ(
318 1821 461 1857 Οο]ὒετῐ.]
481 1821 572 1848 codice
579 1820 613 1847 sic
621 1820 732 1856 legitur,
751 1822 786 1848 ha
795 1824 820 1848 in
827 1821 870 1855 fic-
900 1821 991 1848 talibet
998 1822 1057 1850 urbs
1064 1821 1221 1857 fieblimirate
1236 1830 1360 1848 murorum
1375 1819 1410 1851 (T
1424 1820 1562 1857 claustaerum
1577 1823 1706 1856 portarum

53 1869 118 1896 gam
126 1858 256 1894 compulit:
266 1866 348 1893 quare
355 1856 520 1885 scribendum
528 1857 665 1887 existimo,
683 1860 722 1884 ita
739 1860 766 1884 in
773 1857 869 1895 fiegam
890 1858 1022 1896 firmitate
1037 1861 1179 1886 muniatur.
1194 1857 1316 1893 posterulae
1335 1860 1407 1884 unius
1421 1867 1543 1894 quamvts
1555 1858 1708 1892 parwffimae

58 1897 174 1931 compulit
181 1901 219 1924 ut,
243 1891 298 1924 &a
320 1894 403 1921 Vales.
894 1894 1029 1931 proditione
1037 1895 1192 1931 vastabitur„
1210 1894 1225 1909 ²*
1251 1894 1347 1920 Eadem
1355 1903 1410 1920 vox
1428 1896 1526 1929 legitur
1541 1896 1568 1921 in
1586 1894 1706 1921 Paffione

95 1942 109 1960 e
130 1930 328 1967 Binirurribus]
350 1933 434 1957 Uti-es
443 1931 709 1966 viiiari'osintelligi't,
730 1930 763 1957 de
771 1931 868 1966 quibus
898 1933 922 1958 S.
935 1932 1056 1967 Agathae‚
1079 1931 1161 1958 ubi'de
1169 1932 1318 1964 Qintiano
1333 1930 1440 1966 Judice:
1451 1933 1498 1965 ipse
1513 1929 1549 1957 ad
1559 1931 1706 1965 posterulam

61 1970 223 2007 Apuleiusi'n
233 1967 277 1994 li'b.
287 1975 308 1999 7.
320 1967 698 2004 &Jurisconsulrusi'nlege4
713 1967 786 1995 D.de
794 1970 867 1994 triti'-
889 1967 1137 2005 ficretarizfiaegiens‚
1153 1967 1301 2003 populumin
1311 1966 1539 2004 {mucisoile’re’liqm'r⁴
1559 1969 1615 1994 Nec
1629 1967 1706 1993 aliter

57 2012 106 2035 co,
127 2008 192 2033 vino
203 2005 301 2033 &oleo
310 2004 411 2040 legato,
431 2006 458 2032 &
469 2006 716 2040 ScriptoresGi-aeci
725 2005 869 2041 Latinique
898 2004 1047 2032 Anastasius
1058 2005 1114 2032 Bibl
1132 2006 1158 2031 in
1167 2004 1253 2031 Gestis
1264 2003 1416 2030 Hormisdae
1425 2005 1505 2040 Papae.
1529 2002 1544 2018 *
1567 2005 1637 2030 Atin
1654 2003 1707 2031 hoc

61 2043 161 2080 passim.
185 2042 259 2069 Idem.
898 2041 1111 2069 Marcelliniloco
1120 2041 1293 2077 posterulaeo
1302 2039 1377 2067 sensu
1387 2039 1452 2067 sumi
1463 2049 1519 2066 non
1528 2039 1615 2075 potest
1633 2049 1639 2066 t
1658 2037 1706 2067 nist

67 2097 71 2101 -
94 2080 112 2107 f
122 2081 205 2118 Qem
212 2078 370 2114 elaqueatum
370 2077 450 2115 fidem
458 2082 588 2112 rupturum
602 2075 783 2114 existimabat]
805 2077 867 2104 Ela-
895 2079 968 2106 foi-te
979 2088 1027 2114 pro
1036 2078 1106 2106 aditu
1117 2099 1124 2108 ,
1145 2079 1170 2104 δε
1182 2076 1250 2113 quali
1261 2076 1330 2103 ostio
1343 2077 1456 2103 tramitis
1475 2075 1604 2103 sumatur.
1623 2075 1707 2107 Valefi

76 2124 191 2146 aearum,
209 2115 235 2142 i'd
243 2115 280 2141 est
289 2116 403 2142 vinculis
413 2116 438 2142 ὃ(
448 2114 547 2149 laqueis
556 2113 714 2142 liberatum;
735 2121 766 2140 ut
775 2114 866 2141 Aurel.
931 2115 949 2141 h
969 2117 1105 2141 Tramitem
1121 2113 1228 2140 medium
1242 2112 1558 2150 virabr1nd14s·excedens.]
1582 2113 1705 2140 Imitatur

57 2125 434 2188 {rfidehefdontrabymmacb
451 2151 494 2177 lib.
503 2159 528 2177 2.
899 2151 1048 2179 Sallustium
1059 2153 1105 2186 qui
1115 2151 1165 2213 ind}
1171 2149 1320 2185 ugni-thino
1330 2148 1495 2184 ficloquitui·
1505 2148 1536 2176 de
1551 2150 1703 2186 Jugurtl'm:

133 2188 181 2216 Ela
196 2187 296 2218 u'eanda
305 2190 385 2215 animz
393 2187 530 2224 constantia
539 2204 546 2215 ‚
556 2185 720 2213 neretinaclo‘s
897 2186 946 2223 ΙρῙὲ
953 2186 1138 2224 quasivitabun
1156 2196 1184 2212 us
1193 2193 1237 2221 per
1239 2184 1350 2222 ficltuofit
1363 2185 1416 2211 loca
1430 2182 1465 2215 ὠ·
1480 2189 1596 2211 tramites
1611 2188 1708 2211 exerci-

130 2227 171 2252 Mo
189 2223 244 2252 ibus
258 2224 377 2252 ac-lemis
388 2233 455 2252 nexa
470 2222 506 2254 (T
518 2225 624 2259 captiva
641 2227 778 2259 prematur.
800 2223 866 2250 Lin-
895 2224 1064 2252 tumduffare.
1087 2225 1130 2250 Ait
1139 2225 1220 2257 igitur
1239 2222 1411 2249 Marcellinus
1419 2224 1548 2249 viatorem
1563 2222 1636 2248 illum
1646 2220 1706 2249 clim

54 2261 146 2289 denbr.
897 2263 995 2288 bivium
1004 2263 1110 2287 armatis
1119 2259 1381 2294 oppletumvidi‘ffet,
1402 2258 1513 2294 obliquo
1528 2257 1600 2285 aditu
1617 2259 1706 2284 trami-

83 2306 106 2334 ΔΒ
123 2295 355 2336 Perpqfierulam]
377 2299 453 2326 Hanc
466 2304 562 2326 vocem
579 2295 720 2325 Caffianus
734 2297 762 2323 in
780 2295 823 2323 lib.
842 2304 864 2329 5.
897 2305 951 2325 tem
959 2296 1097 2334 quemdam
1107 2296 1299 2323 mediumi'nter
1309 2296 1372 2323 duas
1383 2297 1435 2323 vias
1443 2295 1553 2332 fetiiffe,
1573 2305 1599 2322 :ic
1608 2294 1639 2321 fic
1648 2301 1707 2320 eva-

1029 2334 1138 2375 Llll
1171 2349 1192 2377 2
