2007 2658
0 0 7 45 i

2 43 7 59 A

2 176 9 215 π

6 226 10 255 ὶ

123 79 875 141 V2ss¹33¹ss2⁴.¹153³2?vv22z{³33.1⁶5.‘³0'2}}†”252332·in2233
945 81 1062 127 LIB.
1081 83 1289 133 XXVIII
1295 122 1304 132 .
1326 85 1472 134 CAP.
1502 87 1534 134 Ι.
1611 88 1672 150 56
1684 106 1700 135 1

55 155 256 216 interemit.
268 155 321 195 Et
334 153 421 210 post
433 154 514 194 haec
532 153 696 210 flammis
721 152 979 207 Campensem
992 154 1231 210 haruspicem
1252 158 1362 198 dedit
1373 188 1382 205 ‚
1402 161 1440 200 in
1453 163 1612 215 negotio
1626 166 1706 216 ejus

54 211 160 263 nullo
180 211 415 251 sacramento
446 209 683 250 constrictus.
721 211 1009 264 Opportunum
1031 210 1084 249 est
1096 222 1162 257 ,ut
1184 214 1369 262 arbitror,
1384 217 1588 270 explanare
1605 233 1705 258 nunc

4 289 7 294 ·
52 266 202 306 causam
217 294 230 313 ,
243 281 328 321 quae
341 267 389 306 ad
402 266 562 305 exitium
577 266 819 319 praecipitem
834 266 1059 320 Aginatium
1073 266 1230 320 impulit
1242 296 1254 314 ,
1257 271 1336 319 jam
1349 271 1437 311 inde
1450 273 1471 311 a
1482 273 1614 325 priscis
1628 288 1705 314 ma-

10 486 13 510 l

11 512 13 524 ι

44 323 196 376 joribus
211 323 377 362 nobilem
392 348 404 368 ,
419 331 460 359 ut
474 321 606 360 locuta
621 320 672 360 est
686 323 918 375 pertinacior
939 320 1060 361 fama:
1075 335 1145 362 nec
1166 324 1265 361 enim
1289 324 1399 377 super
1409 326 1486 367 hoc
1498 328 1574 368 ulla
1585 330 1707 370 docu-

51 388 269 418 mentorum
294 388 374 417 rata
386 375 439 416 est
460 375 566 416 fides.
600 377 791 417 Anhelans
814 376 909 417 flatu
932 376 1098 431 superbo
1114 377 1356 418 Maximinus
1378 384 1578 422 etiamtum
1602 384 1704 424 Prae-

52 432 177 475 fedius
203 446 388 479 annonae,
402 431 609 485 mirusque
631 434 801 473 audaciae
823 434 1070 473 incitamenta
1088 447 1166 473 non
1185 433 1308 481 levia,
1332 437 1512 477 tendebat
1533 439 1704 493 adusque

50 488 169 528 Probi
188 498 459 542 contemptum
473 489 572 535 ,viri
596 489 842 529 Summatum
866 489 1042 529 omnium
1071 490 1253 537 maximi,
1269 489 1439 544 jureque
1457 492 1699 535 Praefe&urae

47 543 292 584 Praetorianae
304 545 470 598 regentis
486 545 714 597 provincias.
748 545 872 598 Qod
904 553 921 579 g
941 546 1148 599 Aginatius
1171 544 1431 600 indigniffime
1453 545 1599 595 ferens,
1629 551 1702 590 do-

47 599 205 653 lensque
216 600 254 639 in
267 601 528 641 examinandis
541 600 659 640 causis
679 601 942 640 Maximinum
953 602 1001 640 ab
1014 601 1186 656 Olybrio
1198 600 1265 641 fibi
1277 601 1479 655 praelatum
1493 630 1504 646 ,
1533 605 1580 642 cu
1588 618 1624 643 m
1650 605 1707 644 es-

48 655 101 696 set
112 656 193 710 ipse
205 656 385 697 Vicarius
399 657 559 696 Romae:
575 655 753 697 familiari
766 656 936 696 sermone
948 657 1086 696 docuit
1100 657 1273 697 Probum
1287 657 1444 697 occulte
1454 685 1467 704 ,
1499 656 1613 698 facile
1636 674 1704 699 va-

48 725 139 752 num
150 712 346 753 hominem
361 712 664 752 recalcitrantem
677 712 899 752 sublimibus
912 713 1057 752 meritis
1072 711 1178 766 posse
1188 714 1360 766 opprimi
1375 740 1386 759 ,
1417 712 1443 752 si
1466 713 1528 761 ille
1550 715 1594 754 id
1617 714 1699 755 fieri

48 767 257 813 censuisset.
290 769 374 808 Has
391 769 535 808 litteras
547 795 560 815 ,
590 779 634 807 ut
647 769 806 822 quidam
820 767 1095 812 asseverabant,
1127 767 1277 808 Probus
1293 770 1342 810 ad
1355 768 1645 817 Maximinum,
1664 786 1706 810 e-

45 824 361 878 ruditioremjam
375 826 412 864 in
434 823 636 864 sceleribus
662 823 1058 877 commendatumque
1079 822 1252 878 Principi
1264 825 1534 878 pertimescens
1548 853 1561 873 ‚
1593 827 1701 868 nullo

46 879 202 919 conscio
212 890 350 933 praeter
361 879 533 932 bajulum
544 878 655 918 misit.
689 877 844 933 Hisque
856 880 1025 919 recitatis
1037 880 1091 918 ita
1102 879 1226 919 homo
1239 879 1340 920 ferus
1352 878 1490 920 exarsit
1503 908 1516 928 ‚
1550 892 1594 922 ut
1621 895 1701 922 ma·

45 934 174 975 chinas
186 948 319 975 omnes
331 937 370 975 in
384 935 608 989 Aginatium
621 934 760 975 deinde
773 938 1058 975 commoveret:
1079 936 1187 975 velut
1202 934 1352 989 serpens
1367 937 1522 977 vulnere
1535 939 1620 978 noti
1632 953 1713 978 cu-=

40 990 188 1045 jusdam
203 991 382 1031 adtritus.
413 989 582 1031 Acceffit
596 990 653 1030 his
666 991 737 1030 alia
747 991 884 1044 potior
895 990 1115 1031 insidiarum
1128 993 1286 1031 materia
1297 1019 1309 1039 ,
1338 1006 1427 1046 quae
1442 993 1625 1033 eumdem
1641 996 1700 1035 A-

0 1063 2 1066 >
43 1047 230 1102 ginatium
245 1047 387 1087 obruit.
418 1046 670 1088 Visitorinum
683 1048 784 1086 enim
797 1045 1026 1088 defunstum
1051 1046 1298 1095 -infimu‘labat
1310 1075 1322 1095 ,
1351 1059 1402 1088 ut
1425 1050 1639 1100 Maximini
1659 1064 1702 1089 a-

0 1119 14 1138 ι·
43 1103 125 1144 &us
136 1133 150 1153 ,
164 1153 167 1155 ι
183 1103 278 1142 dum
292 1103 485 1157 supererat
497 1129 509 1150 ‚
537 1102 801 1143 venditanrem
816 1116 823 1141 :
839 1105 946 1157 cujus
959 1117 1008 1149 ex
1019 1102 1247 1149 testamento
1259 1103 1386 1158 legata
1398 1103 1479 1157 ipse
1490 1104 1700 1158 sumpserat

41 1158 119 1214 non
132 1157 382 1214 aspernanda:
394 1157 792 1213 pariquepetulantia
804 1159 979 1212 Anepfiae
992 1166 1155 1213 quoque
1165 1161 1246 1213 ejus
1257 1161 1372 1199 uxori
1382 1160 1470 1200 lites
1483 1160 1700 1209 minabatur

42 1217 82 1255 &
84 1216 223 1269 jurgia.
256 1217 355 1269 Qiae
371 1214 453 1254 haec
466 1225 639 1255 metuens
653 1241 666 1261 ,
697 1225 741 1254 ut
769 1215 981 1255 Maximini
1001 1215 1118 1254 etiam
1139 1216 1351 1255 muniretur
1368 1216 1544 1263 auxilio,
1579 1216 1710 1257 finxit

8 1288 10 1290 ’
43 1272 221 1311 maritum
236 1285 273 1311 m
286 1271 486 1312 voluntate
501 1283 619 1324 quam
632 1270 860 1310 condiderat
871 1284 994 1324 nuper
1005 1297 1017 1317 ,
1046 1272 1195 1325 argenti
1209 1273 1281 1311 tria
1292 1271 1410 1318 millia
1420 1271 1556 1324 pondo
1569 1273 1695 1312 eidem

3 1348 8 1368 ι
42 1326 243 1381 reliquisse.
274 1328 361 1380 ‘Qui
373 1327 559 1367 aviditate
569 1327 686 1366 nimia
708 1325 870 1380 flagrans
884 1355 895 1371 ,
927 1326 950 1381 ζ
958 1340 1028 1366 nec
1041 1328 1139 1366 enim
1154 1327 1231 1367 hoc
1247 1340 1409 1380 quoque
1422 1327 1521 1367 vitio
1533 1327 1693 1382 caruit)

0 2263 9 2308 'i

41 1384 141 1436 petit
153 1382 376 1423 hereditatis
397 1383 656 1422 medietatem.
691 1381 843 1423 Verum
870 1383 986 1422 etiam
1007 1382 1140 1422 hocut
1160 1395 1306 1437 parum*
1323 1381 1531 1433 sufficienti
1551 1398 1697 1438 nequa-

42 1450 161 1492 quam
175 1448 380 1479 contentus
394 1466 405 1484 ‚
434 1438 540 1478 aliud
553 1447 796 1478 commentus
805 1437 857 1477 est
870 1447 914 1477 ut
930 1437 1183 1478 arbitrabatur
1194 1437 1395 1490 honesturn
1417 1442 1455 1479 δε
1474 1448 1604 1479 tutum
1620 1453 1628 1478 :
1652 1444 1694 1480 &

42 1492 60 1519 ¹¹
73 1509 126 1535 sne
136 1496 331 1534 amitteret
341 1494 465 1534 ansam
486 1493 553 1533 fibi
569 1494 738 1533 oblatam
751 1494 926 1534 lucrandi
939 1494 1063 1533 uberis
1075 1495 1325 1548 patrimon-ii,
1358 1493 1553 1534 Vistorini
1575 1497 1695 1547 privi-

0 1567 9 1590 i·
42 1559 154 1607 gnam
183 1551 358 1604 Anepsiae
381 1550 499 1590 filiam
525 1550 623 1602 petit
642 1549 726 1589 filio
749 1551 979 1603 conjugem:
1003 1549 1126 1601 idque
1155 1549 1375 1589 assentiente
1389 1550 1546 1589 muliere
1560 1564 1693 1604 prom-

43 1607 111 1661 pte
123 1606 316 1655 firmatum
330 1605 392 1646 est.
425 1606 498 1645 Per
509 1605 642 1645 haec&
666 1605 738 1644 alia
749 1604 859 1645 fimili
882 1618 1043 1644 maerore
1063 1604 1268 1652 deflenda,
1297 1619 1386 1659 quae
1409 1606 1691 1647 decolorabant

40 1661 64 1702 s
55 1663 204 1718 peciem
222 1662 346 1702 Urbis
358 1672 506 1701 aeternae
519 1687 530 1707 ‚
560 1659 794 1714 grassabatur
807 1674 876 1715 per
888 1660 1028 1715 strages
1041 1661 1279 1714 multiplices
1297 1660 1547 1702 'fortunarum
1569 1661 1702 1703 homo·

39 1731 129 1758 cum
169 1719 287 1757 emitu
304 1718 582 1763 nominandus,
612 1716 711 1756 ultra
722 1716 888 1757 forenses
914 1717 1098 1756 terminos
1121 1717 1237 1762 semet
1256 1728 1466 1756 extentans.
1498 1717 1700 1772 Namque

40 1777 128 1815 &re
163 1773 302 1812 iculam
329 1773 378 1813 de
396 1771 555 1812 fenestra
587 1780 598 1804 3
622 1771 799 1812 Praetorii
823 1772 993 1826 quadam
1015 1773 1165 1812 remota
1187 1773 1331 1812 dicitur
1353 1773 1499 1827 semper
1520 1773 1690 1814 habuisse

39 1828 264 1884 suspensam,
277 1829 306 1860 ’τί
334 1827 649 1882 cujussummitas
682 1835 695 1860 5
717 1827 736 1854 k
754 1828 935 1882 quaedam
945 1827 1055 1868 velut
1066 1828 1191 1868 clausa
1203 1827 1403 1882 colligaret
1417 1856 1430 1876 ,
1460 1828 1572 1882 nullis
1599 1830 1687 1884 qui-

26 1913 28 1945 Ξ
64 1920 90 1953 '3
111 1919 158 1954 MJJ
165 1921 303 1946 Praetoris.
341 1928 358 1951 4
377 1918 423 1955 Ms.
433 1919 499 1953 ejus.
538 1926 552 1952 5
575 1919 623 1956 MJI
639 1919 759 1956 quaedam
775 1919 849 1946 velut
878 1917 1074 1955 nomine'firpra
1084 1918 1168 1955 aliqua
1177 1921 1276 1946 notavi.
1287 1921 1299 1956 ]
1322 1918 1400 1946 Hadr.
1410 1917 1491 1954 Valff

26 1958 29 1978 Ι
42 1956 169 1988 damusam
179 1956 331 1991 collegaret.
913 1958 921 1982 i
941 1956 1019 1991 Cujus
1018 1958 1154 1991 summitas
1160 1955 1296 1992 quamdam
1304 1956 1377 1983 velut
1391 1957 1515 1992 tamufhm
1527 1957 1653 1993 colltgaret
1666 1960 1680 1995 ]

855 2024 858 2025 ⁷
881 1993 928 2019 Ms.
936 1993 989 2027 ejus
991 1992 1125 2026 summitas
1134 1991 1247 2028 quaedam
1260 1992 1334 2019 velut
1347 1989 1476 2028 damusdm
1490 1993 1624 2029 coffegaret.
1644 1996 1684 2021 Si-

58 2023 100 2065 ³g
136 2029 282 2064 ginatius.]
305 2029 355 2055 Hic
370 2027 527 2055 Consularis
546 2028 690 2065 Byzacenae
708 2029 850 2064 provinciae
876 2029 952 2066 byllae
960 2029 1085 2056 voceshae
1094 2029 1201 2065 quidem
1210 2028 1285 2060 sunt,
1305 2038 1355 2056 nec
1365 2029 1429 2065 quid
1438 2030 1522 2056 velint
1530 2031 1688 2066 liquetLin·

44 2057 326 2102 ffi'tratjtiliano‘Aug.
343 2066 387 2092 IV.
397 2065 423 2092 ὃς
435 2064 558 2092 Sallustio
566 2065 641 2092 Cois.
652 2072 682 2092 ut
690 2064 769 2091 docet
777 2065 818 2091 lex
830 2067 849 2091 ιζ
860 2072 862 2074 ’
874 2065 956 2093 denbr.
1294 2067 1296 2069 ’
1433 2069 1445 2073 “”

28 2097 31 2137 ἱ
46 2102 116 2129 Cod.
125 2102 176 2129 Th.
184 2102 216 2132 de
225 2102 378 2128 conlatione
386 2101 477 2130 donar.
485 2101 548 2138 poff.
562 2101 579 2116 ⁵¹⁵
601 2101 721 2131 Adhunc
729 2101 861 2132 eumdem
912 2103 933 2129 k
946 2101 1098 2142 ¹§Qamdam
1105 2101 1180 2130 velut
1186 2100 1318 2138 tamufitm.
1329 2103 1342 2139 ]
1364 2102 1498 2134 Hiclocus
1509 2104 1535 2130 δε
1545 2104 1686 2131 Donatum

28 2145 31 2176 ς
45 2133 195 2173 Aginatium
203 2139 337 2165 Vicarium
347 2137 420 2165 urbis
430 2139 523 2165 Romae
530 2137 614 2165 exstat
629 2138 788 2173 rescriptum
802 2134 850 2166 Va·
877 2141 1033 2166 Ponzanum
1045 2140 1071 2166 &
1081 2138 1313 2174 Lindenbrogium
1322 2138 1521 2171 valde-exercuit
1531 2148 1625 2174 :quem
1634 2149 1686 2167 nos

44 2175 180 2214 lentiniani
188 2177 255 2210 Aug.
267 2174 342 2214 quod
353 2176 483 2201 Baronius
492 2177 576 2201 refert
583 2184 655 2201 anno
673 2174 773 2202 Christi
792 2176 848 2210 369.
874 2185 925 2211 ope
934 2177 1009 2210 Regii
1017 2174 1115 2202 codicis
1124 2178 1234 2203 mmimo
1244 2177 1355 2210 negorio
1365 2175 1536 2204 restituimus.
1548 2177 1614 2203 Nam
1624 2175 1686 2204 cum

10 2231 13 2233 .
47 2219 144 2247 exquo
152 2219 255 2246 apparet
264 2214 347 2246 civem
355 2211 525 2238 Romfuiffe.
545 2210 562 2227 ²*
584 2210 665 2247 ValeJI
874 2214 900 2239 in
911 2212 960 2240 Ms.
970 2213 1056 2246 Regio
1068 2213 1093 2238 δε
1104 2212 1178 2239 Flor.
1197 2211 1243 2247 [ac
1252 2213 1323 2239 Colb
1341 2213 1353 2248 ]
1377 2215 1440 2240 &in
1457 2214 1686 2248 EditioneAugu-

49 2252 68 2281 ‚²
76 2246 99 2283 [
104 2248 122 2275 h
130 2280 133 2282 -
140 2248 181 2273 Ne
190 2249 315 2282 amitteret
321 2246 435 2285 ansams
443 2258 462 2274 0.
471 2246 584 2275 lucrandi
590 2248 847 2285 uberispatrimanii]
873 2249 942 2276 stana
950 2247 983 2275 fic
991 2249 1125 2283 legeretur
1135 2259 1140 2272 τ
1149 2245 1296 2285 Qamdam
1305 2249 1376 2277 velut
1383 2250 1448 2283 clam
1457 2250 1524 2285 usam
1533 2249 1606 2285 collig.
1613 2250 1687 2276 nullis

27 2282 33 2331 ἦ
47 2311 52 2316 ,
61 2279 263 2331 ῥεθᾶηίεεχῼσΙ-δ.
272 2283 369 2321 legitur
377 2302 384 2316 ‚
403 2284 515 2322 amplam
517 2284 540 2320 fi
549 2294 570 2313 o.
578 2284 594 2313 I.
604 2294 620 2314 u
631 2287 736 2322 patrim.
752 2285 784 2313 de
793 2294 848 2322 quo
869 2285 967 2324 quidem
977 2283 1104 2319 ind.ficlta
1113 2304 1120 2316 ‚
1133 2285 1180 2322 sed
1186 2288 1297 2316 nocitura
1313 2285 1357 2323 ins
1367 2287 1453 2316 multis
1461 2300 1469 2320 ,-
1477 2288 1511 2315 ita
1520 2286 1686 2316 scribendum

866 2322 1097 2379 ›·pbbb
