2007 2658
245 95 338 142 DE
383 91 1024 146 CONSTANTINO
1065 93 1504 155 MAGNO,&c.
1622 109 1717 160 715

62 165 142 208 Sed
173 177 186 195 ²
213 169 386 211 Herculii
411 172 633 212 Maximiani
654 169 776 210 soceri
803 168 856 209 sui
882 179 1014 208 motus
1033 169 1213 223 exemplo
1236 198 1245 214 ‚
1276 182 1326 209 ne
1348 174 1486 211 iterum
1507 169 1723 227 depositam

59 235 264 279 purpuram
285 230 324 266 in
347 229 555 281 perniciem
578 225 810 280 Reipublicae
830 223 997 265 sumeret
1018 249 1029 268 ‚
1062 224 1227 264 tumultu
1251 226 1405 265 militari
1426 227 1663 282 exigentibus
1685 230 1724 272 in

61 278 328 321 Thessalonica
353 281 459 333 Juffit
486 280 635 331 occidi3
666 283 937 321 Martinianum
961 281 999 317 in
1024 279 1276 332 Cappadocia
1292 298 1300 320 :
1330 285 1395 333 qui
1428 286 1600 337 regnavit
1631 296 1724 330 ann.

58 346 130 375 xvi
148 349 160 376 1
176 349 187 375 ι
201 351 231 376 1.
248 336 331 376 filio
348 342 385 378 &
397 349 517 376 uxore
529 337 748 390 superstite:
768 338 952 390 *quamvis
966 333 1227 384 omnibusjam
1241 332 1417 376 ministris
1430 336 1578 377 nefariae
1597 338 1724 392 perse-

58 394 224 431 cutionis
243 391 436 432 exstinctis
450 424 460 438 ,
492 392 593 431 hunc
612 405 768 446 quoque
797 401 812 419 ⁰
833 394 871 430 in
894 400 1079 444 quantum
1105 401 1284 429 exercere
1309 395 1468 445 [potuit
1485 395 1525 443 ,]
1547 392 1721 447 persecu-

57 455 186 486 torem
200 447 310 501 digna
322 450 473 501 punit10
496 448 696 502 flagitaret.
727 445 1009 488 Constantinus
1019 456 1146 484 autem
1170 457 1216 483 ex
1229 446 1424 499 Byzantio
1438 448 1721 489 Constantino-

55 501 177 554 polim
196 506 428 556 nuncupavit
444 502 495 542 ob
510 502 653 558 infigne
663 502 961 556 visstoriaezquam
972 499 1079 540 velut
1091 502 1252 554 patriam
1264 500 1368 539 cultu
1379 501 1577 545 decoravit
1589 507 1720 558 ingen-

56 559 100 602 ti,
118 561 155 598 &
170 559 301 597 Romae
309 558 540 599 desideravit
560 557 851 612 aequarizdeinde
870 568 882 584 ε
894 554 1059 611 quaesitis
1072 559 1106 595 ei
1116 554 1285 609 undique
1295 556 1441 597 civibus
1455 558 1606 600 divitias
1622 559 1719 599 mul-

55 621 114 651 tas
125 611 280 668 largitus
293 614 358 661 est,
370 625 412 654 ut
426 616 550 669 prope
564 627 603 653 1n
616 626 659 653 ea
670 627 807 653 omnes
819 612 1019 653 thesauros
1033 640 1043 657 ,
1060 614 1178 667 regias
1190 609 1394 652 facultates
1419 612 1647 654 exhauriret.
1664 615 1718 655 lbi

54 670 171 707 etiam
194 670 379 710 Senatum
401 669 600 710 constituit
622 668 777 709 secundi
790 668 937 708 ordinis
951 697 961 712 ‚
991 666 1135 708 Claros
1159 670 1325 707 vocavit.
1354 667 1506 708 Deinde
1519 668 1718 711 adversum

55 723 218 763 Gothos
235 724 375 765 bellum
386 725 547 780 suscepit
560 753 570 772 ,
588 729 625 766 &
644 724 937 779 implorantibus
951 723 1134 764 Sarmatis
1146 723 1321 762 auxil-ium
1335 722 1433 762 tulit.
1454 726 1510 764 Ita
1521 738 1591 780 per
1604 727 1720 766 Con-

52 776 257 820 stantinum
277 781 467 822 Caesarem
488 792 644 821 centum
666 784 792 836 prope
814 780 932 820 millia
946 777 1046 818 fame
1060 777 1252 833 &frigore
1273 777 1456 819 exstind‘ta
1471 779 1567 821 sunt.
1601 784 1713 821 Tunc

53 838 93 877 &
106 834 258 876 obfides
271 841 438 893 accepit,
451 840 554 877 inter
564 849 663 890 quos
677 841 716 877 &
736 839 753 862 d
765 837 932 875 Ariarici
947 835 1060 890 Regis
1074 833 1205 874 filium.
1236 835 1301 875 Sic
1314 847 1400 874 cum
1413 834 1471 875 his
1483 848 1576 890 pace
1586 836 1716 878 firma-

51 900 117 940 ta,
145 894 184 931 in
199 893 391 933 Sarmatas
403 892 531 933 versus
547 891 624 934 est,
654 893 719 944 qui
729 889 849 930 dubiae
863 890 954 931 fidei
977 889 1204 944 probantum
1234 889 1314 931 Sed
1336 890 1434 933 servi
1457 892 1714 934 Sarmatarum

49 945 247 987 adversum
260 959 397 987 omnes
409 946 594 986 dominos
606 946 838 986 rebellarunt
852 964 859 986 :
882 959 982 1001 quos
995 945 1124 1000 pulsos
1137 946 1415 987 Constantinus
1427 947 1594 988 libenter
1605 962 1716 989 acce-

45 1005 130 1056 pit,
165 1007 202 1043 &
223 1002 387 1057 amplius
415 1014 591 1042 trecenta
614 1001 731 1042 millia
743 1001 942 1042 hominum
960 1002 1075 1042 mistae
1092 1005 1214 1042 aetatis
1229 1007 1266 1045 &
1280 1001 1392 1042 sexus
1405 1016 1475 1058 per
1484 1002 1687 1045 Thraciam
1700 1036 1714 1055 ‚

47 1057 251 1113 Scythiam
268 1085 279 1103 ,
311 1056 606 1100 Macedoniam,
636 1057 859 1111 Italiamque
883 1056 1020 1099 divisit.
1055 1059 1154 1098 Item
1182 1058 1464 1099 Constantinus
1496 1061 1714 1114 Imperator

47 1122 63 1139 θ
83 1115 228 1166 primus
240 1111 477 1153 Christianus
491 1141 501 1156 ‚
537 1124 705 1167 excepto
717 1113 900 1169 Philippo
912 1116 976 1167 qui
987 1112 1226 1154 Christianus
1239 1113 1447 1155 admodum
1459 1113 1504 1155 ad
1528 1115 1603 1155 hoc
1626 1127 1713 1157 tan-

48 1169 132 1208 tum
151 1168 381 1208 constitutus
406 1165 513 1208 fuisse
534 1167 628 1208 mihi
652 1167 752 1210 visus
772 1169 826 1209 est
846 1199 856 1215 ,
887 1181 930 1209 ut
951 1167 1174 1210 millesimus
1187 1172 1319 1210 Romae
1331 1183 1451 1211 annus
1464 1170 1623 1212 Christo
1635 1186 1710 1226 po-

48 1226 125 1263 tins
138 1226 253 1278 quam
268 1223 382 1264 idolis
393 1222 591 1264 dicaretur.
607 1226 650 1265 A
663 1225 927 1265 Constantino
940 1238 1067 1265 autem
1078 1238 1215 1273 omnes
1230 1225 1381 1280 semper
1392 1225 1598 1267 ChristIani
1626 1229 1703 1267 Im-

47 1291 246 1334 peratores
258 1279 374 1334 usque
386 1278 616 1320 hodiernum
628 1278 729 1320 diem
743 1284 862 1321 creati
874 1280 981 1326 sunt,
1015 1293 1182 1336 excepto
1194 1281 1344 1331 Juliano
1358 1311 1364 1321 .
1386 1294 1501 1336 quem
1529 1285 1644 1336 impia
1664 1295 1710 1324 ut

46 1339 152 1376 aiunt
165 1335 446 1376 machinantem
457 1335 617 1376 exitialis
628 1339 708 1377 vita
718 1335 896 1379 deseruit.
921 1339 1019 1378 Item
1033 1336 1316 1378 Constantinus
1322 1337 1426 1390 justo
1439 1337 1576 1378 ordine
1590 1342 1707 1394 &pio

47 1394 172 1432 vicem
186 1394 319 1432 vertit.
334 1390 490 1433 -Edidto
503 1391 687 1445 siquidem
700 1391 827 1433 statuit
838 1421 849 1441 ‚
862 1396 959 1434 citra
973 1393 1087 1433 ullam
1100 1392 1243 1434 caedem
1256 1393 1457 1434 hominum
1469 1396 1708 1447 Paganorum

50 1445 195 1501 templa
207 1446 339 1488 claudi.
364 1447 590 1488 Gothorum
600 1446 817 1488 fortiffimas
832 1448 1154 1503 &copiofiffimas
1175 1461 1314 1505 gentes
1337 1453 1375 1489 in
1397 1450 1479 1504 ipso
1509 1450 1708 1491 barbarico

52 1501 139 1543 solo
159 1536 166 1552 ,
191 1502 267 1543 hoc
284 1502 383 1543 estin
397 1504 654 1543 Sarmatarum
668 1507 826 1559 regione
848 1503 1004 1546 delevit.
1027 1506 1268 1547 Calocaerum
1285 1505 1489 1559 quemdam
1511 1509 1548 1545 in
1560 1507 1707 1561 Cypro

48 1557 305 1613 adspirantem
326 1562 439 1602 novis
460 1559 570 1602 rebus
590 1559 786 1615 oppreffit.
823 1560 1056 1601 Dalmatium
1078 1589 1089 1609 ,
1117 1560 1239 1613 filium
1261 1559 1388 1602 fratris
1413 1561 1467 1601 sui
1489 1559 1674 1602 Dalmatii
1693 1591 1705 1610 ‚

49 1651 160 1678 vie'roria
169 1653 284 1686 contigit
292 1660 363 1678 anno
374 1654 455 1679 Dom,
468 1658 524 1683 324.
536 1651 635 1686 Crispo
650 1654 660 1679 1
673 1654 682 1679 I
695 1654 714 1679 I.
725 1653 858 1681 Constan-
885 1652 1035 1689 quasensus
1045 1653 1190 1684 vacillabat,
1210 1653 1331 1689 supplevi
1346 1663 1379 1681 ex
1395 1661 1449 1689 cap.
1466 1656 1507 1680 28.
1524 1653 1632 1684 Orofii,
1654 1655 1703 1690 qui

50 1689 107 1714 tino
117 1689 148 1715 II
160 1688 262 1715 [Coss.
273 1696 302 1715 ut
313 1688 512 1716 scribirldatius
522 1690 548 1715 in
560 1688 639 1715 Fastis
649 1698 655 1716 ε
667 1692 712 1716 His
720 1689 797 1725 Conff
804 1689 856 1716 bel·
885 1689 995 1718 viciffim
1011 1699 1044 1718 ex
1059 1690 1110 1718 hoc
1125 1691 1255 1718 Audieris
1272 1690 1359 1718 nostri
1376 1691 1437 1717 loco
1455 1691 1636 1719 emendandus
1651 1691 1700 1719 est.

50 1722 102 1749 lum
117 1724 379 1758 Hadrianopolitannm
393 1724 432 1751 dte
448 1733 473 1751 v.
490 1727 577 1751 Nonas
592 1723 685 1760 Julias
699 1745 705 1755 ‚
721 1723 755 1756 ὠ·
770 1727 856 1753 beHum
883 1726 961 1753 Idem.

50 1758 313 1792 Chalcedonensexrv.
323 1759 484 1785 Cal.05hbr.
508 1760 577 1792 Qae
588 1760 677 1787 iisdem
685 1761 858 1788 vexbisGrae-
920 1771 934 1788 c
983 1761 1072 1798 uaestris
1079 1762 1354 1800 eiundiquecIvibus.]
1378 1763 1454 1791 Adeo
1464 1772 1494 1792 ut
1510 1765 1700 1802 Hieronymus

49 1793 79 1822 οὲ
88 1796 246 1822 referuntur
254 1796 279 1821 in
288 1796 429 1822 Chronico
440 1794 684 1824 Alexandrinomifi
694 1795 771 1832 quod
783 1798 859 1824 Con·
885 1799 911 1824 in
920 1797 1061 1825 Chronico
1073 1808 1129 1826 non
1145 1802 1250 1826 veritus
1258 1799 1290 1826 fit
1309 1800 1409 1831 dicere,
1429 1801 1700 1837 Constantinopolim

50 1831 137 1859 sularu
146 1832 246 1858 Paulini
255 1833 281 1859 δε
290 1832 396 1868 Juliani.
416 1833 443 1859 &
452 1841 477 1859 v.
486 1831 634 1867 Cal.Julias
642 1852 649 1862 ‚
665 1842 722 1860 non
732 1841 821 1861 autem
831 1843 856 1861 v.
884 1833 899 1861 ‘a
907 1834 1089 1862 Constantino
1097 1835 1239 1863 dedicatam
1248 1836 1323 1864 fuisse
1332 1845 1408 1872 paene
1416 1837 1581 1874 reliquarum
1590 1839 1699 1866 urbium

51 1871 146 1898 Nonas
155 1877 182 1896 ea
190 1869 328 1902 contigisse
335 1869 470 1896 dicuntur.
491 1869 541 1896 Sed
556 1871 646 1896 verior
658 1870 732 1897 idatii
740 1873 856 1900 narratio
885 1871 1003 1898 nuditate
1014 1881 1086 1908 :quo
1096 1874 1175 1907 magis
1187 1874 1307 1910 Eunapio
1317 1873 1384 1901 fides
1393 1873 1478 1901 haberi
1487 1875 1575 1911 potest
1585 1893 1592 1904 ‚
1614 1877 1660 1911 qui
1670 1877 1698 1902 in

50 1905 88 1932 est
100 1914 226 1941 :eamque
235 1905 380 1932 confirmat
389 1904 588 1934 Constantinus
596 1906 649 1941 ipse
657 1909 682 1934 in
691 1907 747 1942 lege
760 1908 856 1935 1.Cod.
884 1908 995 1936 AEdefii
1005 1911 1058 1936 vira
1065 1909 1118 1936 haec
1127 1909 1160 1936 de
1169 1909 1379 1946 Constantinop.
1388 1911 1491 1947 populo
1505 1912 1568 1939 dicit
1578 1929 1585 1941 ‚
1601 1915 1638 1939 τὸν
1654 1923 1698 1945 με·

52 1943 103 1970 Th.
112 1943 144 1969 de
154 1943 299 1968 veteranis:
311 1944 442 1971 Veterani,
457 1944 507 1970 ait,
522 1946 567 1978 qui
574 1951 605 1968 ex
613 1942 651 1970 die
659 1953 683 1970 v.
693 1946 757 1971 Non.
764 1943 857 1981 Julia-
883 1947 970 1972 θύονται
977 1948 1061 1980 δῆμον,
1079 1949 1099 1973 ἓν
1106 1950 1263 1978 Koa-arith&-
1280 1948 1395 1976 ταὲςοῖλλας
1410 1950 1518 1983 χειρῶζῗις
1535 1948 1545 1983 (
1554 1949 1610 1984 lege
1625 1950 1698 1985 χηρά-

49 1989 106 2007 rum
113 1997 120 2008 ‚
139 1978 196 2006 edm
201 1982 333 2014 primaper
342 1979 475 2005 Thraciam
484 1980 594 2006 victoria
603 1980 716 2016 univerfi
725 1981 776 2008 orbi
791 1982 858 2008 inlu-
883 1985 926 2016 (ξας
935 1985 944 2018 )
953 1984 1026 2011 πόλεις
1039 1985 1157 2018 ἀνθρώπων
1166 1987 1193 2013 εἰς
1202 1986 1228 2012 τὲ
1237 1985 1354 2017 Βυζάντιον
1361 1988 1479 2018 paeri-{qnam
1496 1986 1611 2019 insanam
1616 1993 1695 2021 popu-

50 2018 90 2042 xit
104 2035 110 2047 .
126 2013 296 2052 &quipost‘ea
305 2014 371 2050 apud
379 2015 549 2042 Nicomediam
558 2016 688 2051 mffonem
704 2025 845 2045 meruerunt
854 2037 861 2048 ‚
882 2019 902 2044 li
910 2019 1093 2047 multitudinem
1102 2028 1179 2056 quam
1189 2020 1364 2055 Constantium
1381 2021 1507 2057 exhaustis
1519 2028 1595 2058 prope
1610 2023 1697 2048 ceteris

49 2050 105 2083 &a
127 2054 196 2086 Qae
206 2051 248 2078 lcx
260 2052 306 2079 lata
315 2051 353 2079 est
362 2052 473 2079 Paulino
483 2053 509 2080 ὃς
519 2053 628 2088 ]ι1]ιεηο
645 2053 722 2080 Coff.
737 2053 772 2080 fic
786 2057 856 2084 enim
882 2055 991 2086 inbibat,
1010 2058 1161 2090 Byzantium
1176 2056 1313 2092 transtulit.
1344 2057 1426 2084 Idem.

49 2089 211 2116 emendanda
227 2089 392 2125 subscriptio.
411 2090 443 2115 In
459 2089 619 2116 Calendario
643 2090 759 2125 denique
782 2092 857 2126 quod
920 2091 937 2119 d
958 2094 1073 2119 Ariarici
1081 2093 1164 2128 Regiis.
1175 2095 1192 2124 J
1213 2095 1347 2122 Ariaricus
1357 2095 1415 2121 Rex
1423 2100 1479 2121 erat
1487 2094 1695 2127 Gothorummt

49 2127 150 2162 primus
160 2125 239 2152 edidit
250 2127 418 2153 Herwartius
427 2142 433 2154 ‚
454 2125 690 2153 haecConstantini
699 2126 858 2155 victoriafic
882 2128 1106 2165 refertJordanes
1115 2130 1141 2156 in
1152 2131 1261 2156 Geticis.
1277 2129 1353 2157 Idem.

49 2170 163 2190 notatur
175 2172 182 2189 z
192 2171 216 2188 v.
227 2161 389 2199 an.Julias
403 2162 492 2198 fugato
507 2164 617 2193 Licinio,
636 2163 760 2199 Ctrcenses
773 2164 856 2202 miffus
925 2173 939 2192 e
958 2168 1058 2192 Primus
1072 2165 1231 2200 christianus
1247 2172 1344 2199 excepto
1357 2165 1476 2202 Phihppo.
1495 2169 1508 2202 ]
1529 2168 1594 2195 Haec
1610 2168 1638 2195 δε
1657 2167 1695 2194 fe-

49 2207 133 2225 xxtv.
154 2197 236 2225 Vales.
882 2204 989 2237 quentia
998 2201 1080 2229 exlib.
1092 2210 1113 2231 7.
1123 2210 1176 2237 cap.
1185 2205 1227 2229 28¹
1240 2202 1331 2229 Orofii
1340 2202 1470 2238 exscripta
1486 2204 1550 2231 sunt
1573 2221 1580 2234 ‚
1598 2206 1646 2240 qni
1663 2212 1695 2232 ut

86 2245 99 2262 a
118 2234 227 2262 Herculii
236 2236 392 2262 Maximiani
394 2236 472 2271 soceri
475 2235 544 2274 suh]
567 2237 638 2264 Tota
654 2236 709 2264 haec
728 2236 856 2273 periodus
880 2239 957 2265 nobis
965 2238 996 2265 ad
1005 2238 1175 2266 hunclocum
1184 2239 1377 2266 emendandum
1394 2239 1493 2267 auxilio
1509 2240 1578 2269 fuit,
1599 2241 1634 2270 fic
1652 2243 1693 2268 vi-

47 2279 79 2300 ex
91 2271 182 2300 Orofii
190 2271 232 2298 lib.
243 2279 265 2303 7.
276 2272 397 2299 transsata
405 2272 452 2300 est.
470 2273 545 2301 Idem.
879 2274 1002 2303 ciffimex
1013 2275 1136 2304 Auctore
1144 2275 1241 2303 nostro
1250 2275 1426 2312 corrigendus
1436 2275 1483 2304 cst.
1506 2276 1583 2304 Idem.
1623 2314 1627 2320 .

81 2308 99 2337 b
116 2312 146 2337 In
159 2314 283 2346 quantum
298 2317 407 2338 exercere
416 2312 528 2348 potuim]
551 2310 678 2339 Ultimam
693 2319 788 2340 vocem
802 2309 857 2339 fine
1062 2347 1106 2390 X

1117 2362 1143 2390 X
1155 2362 1181 2390 X
1192 2362 1220 2391 X
1252 2362 1272 2390 2
