2007 2658
528 71 636 113 AD
695 65 1238 114 LECTOREM.

80 163 171 202 stratu
186 163 289 212 aliquo
303 190 312 203 ‚
332 159 489 208 imprimis
497 156 679 194 Praefefturfi
692 154 822 191 urbana
833 155 959 205 'egregie
971 152 1095 191 funffos
1105 180 1115 196 ³
1139 171 1177 194 ex
1198 162 1360 198 occasione
1373 167 1401 199 in
1415 169 1461 202 sua
1475 169 1610 205 Historia
1621 171 1743 208 laudare

76 214 249 253 consuevit.
275 207 665 256 Hosinter'primastenuit
679 205 851 259 Hypatius,
881 206 927 239 vir
945 204 1149 259 Consularis,
1176 208 1266 245 frater
1287 213 1425 248 Eusebia:
1450 219 1739 260 Augossae,ac,]{u-

81 263 150 298 sebii
173 253 305 297 {imiliter
328 257 530 297 Consularis,
551 255 601 304 qui
620 268 657 290 ex
671 255 804 289 Oriente
822 254 1079 289 10⁴Occ¹dsssstem
1102 269 1226 305 quoque
1250 261 1430 302 transierat,
1451 266 1485 299 C<
1503 256 1619 302 ‘Romae
1634 270 1736 306 sedem

82 321 226 360 ceperat:
253 319 342 355 quem
355 308 384 341 in
397 306 474 340 libro
487 317 584 341 xxix.
609 303 854 342 eximielaudat,
880 305 912 337 &
936 303 1078 337 amicitiae
1099 307 1187 340 causa
1199 307 1319 352 nostrum
1332 315 1488 358 Hypatium
1499 316 1639 360 appellat.
1668 319 1735 354 Ad.

82 357 281 395 numerandus
292 355 335 389 est
349 359 381 390 δε
393 356 513 403 magnis
523 354 629 390 amicis
638 356 677 387 A.
694 352 866 388 Marcellini
880 350 1044 386 Eutherius
1055 375 1065 392 ,
1078 354 1128 400 qui
1143 356 1326 392 Constantis
1340 364 1380 394 A.
1397 361 1618 402 cubicularius,
1630 365 1740 403 deinde

83 407 186 455 Juliani
199 403 380 452 Praepoiitus
392 404 536 439 Cubiculi
549 401 642 438 fiacrat
654 431 661 442 ,
685 414 718 436 ac
729 403 845 437 Romae
855 400 1048 454 domicilium
1067 400 1175 439 fixerat
1188 419 1205 439 ε’
1229 407 1312 451 cujus
1333 408 1493 443 virtutibus
1511 410 1540 443 in
1562 411 1641 447 libro
1658 427 1734 452 xvi.

79 454 249 490 enarrandis
270 463 366 488 vacat.
395 456 467 488 Nec
487 464 552 487 tum
572 452 664 486 etiam
688 449 809 485 defuere
821 450 899 484 Urbi
924 449 1131 485 v1rid08trina
1144 453 1340 501 praestantes‚
1364 456 1469 504 quibus
1482 459 1522 493 A.
1536 460 1737 497 Marcellinus

77 502 257 538 familiariter
268 512 406 537 uteretur.
432 503 532 550 Igitur
554 511 586 535 ut
604 510 668 535 erat
687 499 789 535 homo
807 499 921 533 nobilis
942 502 973 532 Sc
992 500 1151 547 locuple5‚
1180 504 1234 537 otii
1254 504 1399 552 ignobilis
1418 506 1600 553 impatiens,
1628 510 1657 543 in
1670 522 1734 546 tam

76 551 210 597 jucundo
218 550 358 598 suavique
367 550 475 586 secessii
489 561 588 585 totum
602 548 631 583 se
642 549 749 584 litteris
759 547 876 582 dedidit
890 562 897 582 :
922 557 1011 595 atque
1033 559 1069 582 ut⁴
1080 550 1171 585 miles
1185 554 1342 600 quondam
1356 555 1390 590 ὃς
1406 554 1537 589 Graecus
1550 556 1660 604 linguae
1673 562 1737 594 La-

76 603 146 635 tinae
157 613 190 635 ac
202 599 347 635 Historiae
359 602 515 635 Romanae
526 599 624 647 magis
636 596 828 637 assuesceret,
846 598 1005 633 Catonem
1018 598 1170 642 majorem
1184 603 1232 635 vel
1245 602 1431 637 Censorium
1446 631 1454 644 ,
1487 603 1615 639 Caesaris
1632 607 1738 641 Com-

75 649 243 684 mentarios
255 672 268 688 ‚
278 649 471 689 Sallustium,
487 651 536 685 M.
550 648 694 682 Tullium
707 647 896 681 Ciceronem
911 668 920 684 ‚
941 646 1022 680 alios·
1039 646 1192 695 utriusque
1210 651 1322 699 linguae
1338 652 1494 687 Αυξὶοῑεε
1507 653 1738 701 ἀίΗὲεηῐίΗῖιῃὲ

74 698 210 733 evolvit:
239 710 315 745 quos
329 701 359 732 &
373 697 479 745 pass'im
492 698 523 731 in
537 695 672 731 Historia
687 695 734 729 sua
745 694 858 733 laudat.
909 695 1040 728 Talibus
1051 698 1082 729 &
1094 698 1187 732 tantis
1200 699 1341 746 praeiidiis
1352 700 1513 735 instructus
1524 724 1535 740 ‚
1564 702 1737 740 Historiam

74 748 256 782 Romanam
267 747 304 781 ab
314 757 422 781 exortu
435 749 549 781 Nervae
562 745 653 792 usque
662 744 698 778 ad
712 742 854 778 Valentis
874 745 917 777 A.
932 742 1089 777 interitum
1102 758 1160 779 xxx
1170 758 1198 782 1.
1227 748 1310 783 libris
1331 749 1444 784 Latine
1467 748 1596 785 scribere
1616 753 1740 801 aggres-

75 794 123 831 sus
135 794 193 834 est,
221 797 263 830 Et
276 795 373 842 priora
385 795 508 840 quidem
522 794 538 829 ἃ
553 796 662 829 Nerva
672 792 706 827 ad
722 789 966 826 Constantinum
979 792 1155 828 Maximum
1177 807 1226 830 aut
1237 796 1344 832 omissa
1356 799 1493 833 maxima
1504 811 1542 834 ex
1555 811 1658 847 parte,
1688 811 1740 836 aut

75 842 267 893 negligenter
285 848 316 878 δε
336 844 424 877 nullo
441 856 542 878 rerum
555 852 779 889 actemporum
799 839 908 874 ordine
918 839 1037 876 servato
1052 840 1160 889 scripta
1171 844 1319 881 hactenus
1334 845 1469 888 fuerant,
1500 860 1566 896 quae
1579 861 1674 886 xm.
1700 850 1740 884 li-

74 894 136 929 bris
144 892 237 926 fufius
248 904 282 926 ac
297 894 397 927 multo
407 890 587 941 diligentins
598 889 738 938 exposuit
753 912 763 928 2
791 889 840 937 qui
851 889 970 937 pridem
985 902 1102 938 magno
1116 893 1209 940 Reip.
1222 895 1373 930 litterariae
1387 897 1505 931 damno
1516 896 1737 936 desiderantur.

75 942 188 976 Cetera
199 941 214 975 ὲ
227 941 400 989 Magnentii
411 943 495 976 caede
505 941 541 976 ad
555 940 696 976 Valentis
708 948 845 974 mor-tem
860 967 868 979 ,
897 951 963 987 quae
976 939 1072 978 vidit,
1089 941 1196 988 quibus
1207 943 1268 990 ipse
1281 944 1418 980 interfuit
1431 969 1442 986 ‚
1454 949 1487 980 &
1499 959 1630 994 quorum
1642 948 1738 984 etiam

73 991 173 1039 aliqua
183 1002 250 1037 pars
261 989 316 1024 fuit
329 1013 339 1029 ‚
369 1001 494 1038 aut-qua?
505 1003 541 1025 ex
556 990 729 1025 amicorum
747 986 944 1022 relationibus
966 988 1090 1026 didicit,
1109 1001 1190 1024 xv11
1205 1004 1230 1028 1.
1256 993 1466 1029 voluminibus
1484 995 1623 1032 narravit,
1655 998 1738 1031 Haec

73 1049 105 1074 ut
117 1039 237 1076 notiora
250 1042 281 1074 δι
294 1039 570 1088 oculisanimisque
583 1039 744 1086 aequaliurn
756 1037 863 1071 inserta
879 1059 888 1076 ‚
902 1046 965 1087 uaut
975 1039 1134 1073 memoriae
1143 1039 1236 1075 infixa
1247 1064 1256 1080 ,
1284 1042 1427 1078 latiffime
1440 1044 1594 1091 explicare
1606 1055 1736 1080 conatus

72 1087 131 1124 est.
152 1087 214 1122 'Sed
227 1100 288 1134 prae
299 1089 404 1124 ceteris
416 1088 447 1122 in
462 1088 551 1123 rebus
562 1087 671 1134 Juliani
684 1090 723 1122 A.
739 1086 839 1135 prope
851 1086 963 1120 nimius
977 1085 1078 1120 haberi
1093 1088 1193 1135 potest
1206 1104 1213 1123 :
1238 1091 1267 1124 in
1281 1104 1341 1139 quo
1356 1094 1503 1127 nonnulla
1515 1093 1637 1141 quidem
1651 1094 1738 1128 laude

73 1136 184 1186 digna,
216 1138 310 1172 multa
331 1136 538 1173 nihilominus
567 1135 853 1185 (quemadmodum
873 1134 1002 1182 ipsemet
1014 1135 1187 1172 Historicns
1209 1152 1445 1188 nonnumquam
1458 1140 1590 1182 fatetur)
1618 1143 1738 1189 vitupe-

74 1185 170 1220 randa
180 1183 310 1222 fuerunt.
345 1187 442 1221 Certe
457 1186 589 1234 scriptor,
598 1186 733 1234 alioquin
746 1185 876 1233 diligens
887 1187 919 1218 &
934 1185 996 1221 veri
1009 1183 1173 1226 studiosus,
1201 1200 1250 1224 xi.
1279 1188 1342 1224 fere
1363 1191 1458 1224 libros
1474 1191 1582 1235 Juliani
1602 1191 1738 1226 laudibus

72 1233 235 1283 implevit:
263 1235 396 1284 reliquos
414 1235 473 1271 suae
493 1236 588 1270 aetatis
608 1239 814 1284 Imperatores
836 1256 846 1272 ‚
877 1233 1098 1271 Constantium
1111 1258 1121 1275 ‚
1141 1238 1306 1281 Jovianum
1320 1262 1328 1277 ,
1357 1240 1738 1276 Valentinianum&Va-

71 1283 189 1318 lentem
202 1313 209 1325 ‚
240 1296 294 1319 ceu
307 1285 429 1321 invidos
441 1288 474 1319 &
488 1285 682 1320 detrahentes
692 1285 756 1329 ejus
767 1283 918 1331 Principis
929 1284 1089 1318 memoriae
1100 1310 1121 1327 ,.
1138 1298 1203 1320 non
1224 1288 1294 1321 raro
1317 1288 1426 1322 deterit
1446 1289 1619 1336 arguitque:
1648 1300 1738 1336 paene

73 1342 108 1375 ut
118 1333 192 1367 mihi
204 1331 395 1379 persuadeam
406 1359 417 1375 ‚
444 1335 649 1369 Ammianum
661 1333 747 1367 unius
755 1333 863 1377 juliani
877 1331 966 1367 causei
989 1341 1107 1367 tantum
1131 1335 1223 1381 Opus
1243 1333 1398 1381 suscepisse
1411 1358 1421 1374 ,
1446 1349 1486 1371 ne
1500 1350 1589 1384 qnam
1603 1335 1738 1384 amplifi-

73 1381 180 1418 candae
193 1382 313 1417 virtutis
323 1382 424 1417 herois
437 1381 478 1416 sui
489 1395 583 1429 quem
594 1382 792 1427 summopere
819 1380 986 1414 mirabatur?
1002 1379 1206 1429 omnibusque
1229 1382 1423 1429 praeferebat,
1450 1384 1645 1418 occasionem
1659 1398 1738 1431 prae-

75 1431 190 1466 teriret.
217 1430 388 1464 Historiam
401 1437 500 1465 autem
513 1430 530 1463 s
527 1444 595 1464 uam
608 1442 673 1464 non
688 1429 838 1464 continuo
851 1428 956 1462 labore
967 1429 1161 1473 composuit:
1187 1429 1235 1462 sed
1249 1441 1280 1462 ut
1291 1441 1353 1463 erat
1363 1431 1462 1477 plures
1475 1432 1505 1465 in
1517 1432 1613 1466 libros
1627 1432 1732 1471 divisa,

73 1489 129 1524 per
139 1487 238 1524 partes
248 1490 315 1512 eam
330 1478 484 1525 vulgavit,
512 1482 544 1512 δε
554 1491 636 1511 nunc
648 1490 743 1510 unum
760 1480 906 1517 volumen
917 1496 926 1511 ‚
958 1486 1040 1508 nunc
1050 1476 1178 1510 alterum
1191 1475 1340 1523 frequenti
1362 1478 1512 1514 auditorio
1525 1503 1534 1519 ‚
1545 1504 1548 1507 -
1558 1482 1595 1515 ‘ac
1617 1482 1736 1516 amico-

71 1525 272 1561 rumsuorum
285 1528 316 1559 &
329 1526 493 1560 doctorum
507 1526 671 1560 bominum
693 1524 803 1567 judicio
816 1521 970 1556 commifit
981 1544 1000 1562 ,.
1018 1536 1228 1574 magnamque
1246 1526 1318 1561 inde
1336 1527 1457 1562 laudem
1475 1528 1519 1563 est
1531 1529 1733 1565 consecutus:

71 1583 103 1608 ut
113 1573 206 1608 docet
217 1572 343 1619 epistola
355 1573 604 1609 Libaniiafratre
618 1572 747 1609 laudata.
771 1571 985 1607 Recitationes
1006 1573 1101 1618 porro
1130 1574 1235 1616 (sicuti
1259 1579 1289 1610 ἃ
1311 1576 1575 1618 declamationes)
1601 1579 1732 1614 duorum

68 1634 217 1670 generum
230 1621 339 1658 fuere:>
360 1624 487 1671 publicae
498 1624 582 1665 aliae3
607 1623 671 1657 aliae
684 1622 819 1668 privatae.
845 1621 979 1656 Publicae
1000 1621 1195 1658 recitationes
1213 1636 1299 1659 erant
1318 1637 1352 1659 ac
1364 1627 1639 1674 nuncupabantur,
1667 1640 1734 1676 quae

70 1671 162 1705 autin
174 1671 387 1707 certaminibus
398 1672 518 1719 publice
535 1670 698 1720 propositis
710 1670 842 1718 praemiis
858 1693 867 1708 ,
893 1680 943 1703 aut
960 1670 990 1703 in
1011 1670 1113 1718 aliquo
1135 1672 1209 1707 loco
1228 1673 1354 1720 publico
1373 1675 1446 1710 citra
1466 1677 1562 1710 ullum
1577 1686 1734 1711 certarnen

69 1718 194 1756 fiebant.
219 1719 378 1764 Ejusmodi
390 1721 528 1756 exstitere
544 1721 718 1756 Oratorum
733 1732 766 1753 ac
777 1720 945 1754 Poetarum
958 1720 1124 1754 certamina
1137 1744 1146 1760 ,
1171 1723 1336 1770 quotannis
1347 1724 1377 1758 in
1394 1724 1521 1759 Albano
1534 1724 1550 1759 Ξι
1563 1727 1610 1760 Τ.
1623 1726 1732 1759 Flavio

70 1769 261 1804 Domitiano
285 1769 363 1804 edita
377 1796 386 1807 .
414 1770 464 1805 ubi
486 1770 594 1805 Statius
614 1767 644 1804 se
663 1770 792 1818 praemio
812 1779 858 1803 ter
876 1768 1025 1803 donatum
1049 1767 1172 1816 scripsit.
1200 1772 1281 1806 Tale
1292 1773 1436 1822 Lugduni
1448 1773 1483 1808 ad
1504 1787 1586 1809 aram
1600 1772 1731 1822 Augusti

70 1826 227 1851 certamen
242 1817 363 1853 Graecae
376 1820 555 1866 Latinaeque
565 1818 713 1854 facundiae
724 1842 734 1857 ‚
747 1818 863 1853 editum
876 1817 892 1852 a
907 1819 987 1853 Caio
1002 1817 1142 1867 Caligula
1154 1843 1163 1858 ‚
1191 1820 1223 1854 in
1245 1834 1306 1868 quo
1328 1822 1402 1857 viffi
1424 1822 1590 1857 vietoribus
1603 1822 1731 1869 praemia

69 1863 282 1901 conferebant.
309 1868 358 1901 Sic
370 1870 461 1902 Nero
473 1869 620 1904 orationis
632 1866 833 1916 carminisque
843 1867 946 1902 Latini
966 1879 1118 1903 coronam
1140 1870 1283 1904 omnium
1305 1868 1452 1905 consensu
1478 1870 1530 1906 sibi
1557 1869 1731 1906 concessam

70 1913 215 1960 recepifl‘e
225 1914 332 1950 dicitur
344 1916 359 1949 a
373 1917 570 1964 Tranquillo.
582 1924 586 1927 ”
596 1917 723 1952 Publice
736 1928 858 1965 quoque
867 1918 979 1952 Statius
991 1918 1107 1953 Rotnae
1121 1918 1322 1955 Thebaidem
1341 1918 1425 1954 suam
1438 1919 1602 1968 plaudente
1611 1920 1730 1967 populo

69 1962 207 1999 recitavit
217 1977 228 1998 :
253 1964 297 1997 uti
307 1966 459 2009 Juvenalis
471 1967 501 2000 in
514 1968 574 2003 Sat.
586 1978 653 2002 vn.
665 1965 768 2014 prodit
779 1965 825 2000 his
836 1965 966 2001 verfibus
981 1981 997 2001 ε.

269 2015 407 2048 curritur
427 2016 465 2049 ad
484 2027 577 2051 vocem
598 2015 761 2062 jucundam
778 2016 814 2053 ὠ
832 2027 950 2050 carmen
973 2018 1073 2052 amica*

241 2068 244 2071 '
273 2063 450 2102 Thebaidos,
476 2065 571 2099 laetam
590 2063 664 2110 fecit
689 2060 753 2099 ciam
776 2065 884 2098 Statim
907 2067 1039 2106 Urbem,

273 2112 458 2159 Promifitque
478 2114 553 2148 diem
573 2124 584 2151 x
613 2123 694 2148 tanta
718 2114 867 2148 dulcedine
888 2125 980 2161 captos

272 2160 366 2206 Afficit
386 2161 433 2196 ille
449 2163 580 2203 animos,
606 2158 747 2210 tantique
765 2162 885 2198 lzbidine
903 2165 994 2211 vulgit

276 2211 413 2248 Auditur.

73 2256 234 2292 Durabant
244 2257 341 2294 adhuc
355 2260 472 2295 Romae
482 2260 561 2297 circa
571 2273 684 2298 annum
699 2260 818 2297 Christi
827 2274 864 2299 D.
880 2275 977 2299 Lxxx.
1006 2264 1137 2311 publicae
1155 2263 1330 2301 orationum
1342 2266 1377 2303 &
1388 2261 1561 2300 carminum
1573 2260 1730 2297 recitatio-

73 2315 125 2340 nes
145 2319 156 2356 Ξ
181 2309 213 2342 δι
234 2307 276 2346 ibi
296 2307 328 2344 in
348 2307 420 2346 foro
441 2310 570 2360 Traiani
594 2309 760 2362 magnifica
795 2313 942 2362 poemata
972 2313 1008 2350 ab
1029 2315 1219 2351 Au<storibus
1249 2315 1373 2351 recitata
1392 2317 1523 2352 Senatus
1539 2309 1736 2363 Populusque

1136 2367 1248 2412 (213)
