2007 2658
318 125 415 173 626
520 123 834 171 L1ss.xx1x.
856 123 1000 170 CAP.
1014 120 1076 171 V·
1151 118 1892 185 νπὲῖῖῖῑδ’έὴῖἓξοέὲὲιῗὲῐῇἓῑῖέςξτῒω·Μ*

319 213 403 238 runi
418 200 636 253 urgentium
651 198 820 238 inclinati
836 198 920 237 sunt
934 228 945 247 ,
978 207 1021 237 ut
1034 195 1189 251 plurimi
1210 194 1410 239 caderent,
1442 198 1480 234 &
1502 193 1581 247 ipse
1595 194 1748 234 Firmus
1769 194 1901 242 ferox,
1929 201 1970 239 δε

318 253 414 308 [cpe
429 256 464 294 jn
479 255 583 294 suam
618 263 627 288 3
653 256 859 309 perniciem
873 266 1045 308 praeceps
1060 281 1070 299 ,
1101 264 1206 304 equo
1220 249 1432 289 auferretur
1446 251 1486 288 in
1500 249 1634 304 fugam
1648 278 1658 298 ,
1681 264 1749 305 per
1760 250 1846 291 saxa
1859 256 1896 292 &
1910 268 1972 293 ru-

317 324 383 363 pes
396 310 604 350 discurrere
635 321 652 343 4
672 312 784 350 citius
796 309 975 350 adsueto:
996 310 1165 348 Mazuca
1178 306 1270 345 vero
1286 304 1401 345 frater
1409 308 1488 359 ejus
1501 318 1703 361 caperetur
1714 306 1876 346 letaliter
1887 307 1967 348 sau-

317 368 412 406 cius.
447 368 527 430 Qi
542 366 755 407 Caesaream
777 367 880 406 mitti
899 364 1104 418 dispositus
1118 390 1128 409 ,
1159 362 1224 401 ubi
1250 362 1346 401 saeva
1358 362 1534 402 inusserat
1548 374 1801 403 monumenta
1823 361 1970 404 facino-

318 436 401 462 rum
419 425 665 476 pellimorum
685 452 697 470 ‚
715 422 878 462 dilatato
891 422 1056 460 vulneris
1070 420 1176 458 hiatu
1196 416 1371 457 discessit.
1407 418 1545 472 Caput
1559 430 1685 458 tamen
1698 422 1779 472 eJ'us
1799 418 1971 461 avulsum

319 478 471 518 residuo
493 493 561 518 cor
593 493 681 524 ore,
711 492 800 518 cum
825 490 967 530 magno
991 475 1192 515 visentium
1214 474 1360 527 gaudio
1386 474 1472 513 urbi
1499 474 1648 514 illatum
1671 474 1724 514 est
1750 474 1964 516 antediElxae.

318 533 410 573 Post
429 535 511 575 haec
536 535 552 574 1
572 534 765 574 aflensium
788 545 941 587 gentem
961 559 972 578 ,
1005 545 1091 584 qua:
1117 529 1291 576 obstitit,
1324 528 1538 583 superatam
1562 531 1654 570 Dux
1669 530 1808 570 nobilis
1823 531 1972 571 incom-

318 591 447 631 modis
461 591 591 630 multis
603 620 612 634 ‚
643 601 686 630 ut
699 591 859 642 aequitas
874 586 1056 642 poscebat
1070 615 1079 630 ,
1110 584 1275 625 adflixit.
1309 585 1369 625 Ibi
1395 586 1572 626 Evasium
1586 598 1786 641 potentem
1808 587 1973 628 'munici-

315 659 405 700 pem
420 674 430 690 ‚
464 647 705 699 Florumque
724 647 804 697 ejus
827 643 952 684 filium
967 671 976 686 ‚
1007 647 1046 683 &
1071 641 1263 696 quosdam
1284 642 1379 681 alios
1394 669 1405 688 ,
1438 655 1507 696 per
1529 642 1729 682 secretiora
1748 642 1969 684 consiliare-

316 713 545 742 meratorem
560 699 843 755 quietisjuvisse
855 698 1084 739 confutatos
1102 698 1258 752 aperte,
1290 698 1456 737 flammis
1483 698 1703 754 absumpsit.
1738 697 1971 754 Exindeque

315 770 478 811 pergens
502 759 656 798 interius
671 783 683 803 ,
715 757 909 796 nationem
949 756 1148 795 ubalenam
1173 753 1309 808 spiritu
1334 753 1527 809 adgressus
1543 756 1690 810 ingenti
1706 782 1718 803 ,
1745 756 1814 795 ubi
1837 766 1970 797 natum

316 814 514 854 Nubelem
530 825 676 866 patrem
698 812 887 852 didicerat
937 813 1023 851 irmi
1036 839 1048 858 ,
1079 809 1252 866 repulsus
1274 811 1478 850 altitudine
1493 814 1687 851 montium
1714 815 1754 853 ὅτ
1778 810 1968 852 flexuosis»

315 869 497 923 angustiis
512 869 624 910 stetit.
660 869 711 908 Et
721 868 935 923 quamlibet
946 867 1052 908 fasso
1064 867 1100 907 in
1113 866 1264 906 hostem
1277 867 1428 921 impetu
1442 894 1454 913 ,
1483 865 1732 922 pluribusque
1752 868 1967 923 peremptis

315 927 505 978 aperuerit
518 924 643 965 viam:
659 923 874 965 formidans
887 935 1014 964 tamen
1038 922 1211 963 sublimia
1232 923 1394 963 collium
1409 922 1460 962 ad
1473 922 1730 964 insidiandum
1753 923 1971 978 aptisfima5

314 981 458 1021 ducens
480 981 566 1022 suos
587 982 798 1021 incolumes
817 981 975 1021 revertit
986 980 1037 1020 ad
1049 978 1240 1020 Audiense
1263 978 1481 1019 castellum:
1513 980 1579 1019 ubi
1595 977 1844 1035 Jesalenfium
1874 992 1966 1036 gens

313 1035 393 1076 fera
404 1036 521 1078 semet
533 1038 643 1078 dedit
654 1065 667 1085 ‚
697 1037 915 1077 voluntaria
930 1036 1071 1076 auxilia
1083 1034 1260 1090 praestare
1271 1034 1465 1088 spondens
1476 1039 1516 1076 ὅτ
1539 1046 1790 1076 commeatus.
1830 1035 1912 1078 His
1929 1040 1972 1078 δε

312 1092 502 1147 ejusmodi
517 1093 694 1150 gloriosis
707 1093 852 1134 auibus
862 1092 1056 1134 exsultans
1077 1089 1331 1146 amplissimus
1351 1091 1514 1137 dueror,
1547 1090 1673 1146 ipsum
1695 1093 1768 1132 otii
1790 1092 1973 1133 turbato-¹

312 1162 391 1190 rem
415 1151 572 1205 petebat
591 1150 724 1190 valido
736 1150 877 1190 virium
888 1149 989 1190 nisu:
1024 1147 1197 1204 ideoque
1209 1160 1336 1203 prope
1363 1145 1379 1173 f
1401 1148 1685 1188 munimentum
1707 1148 1866 1189 nomine
1882 1147 1974 1192 Me&

313 1205 473 1246 dianum
484 1206 554 1247 diu
573 1205 776 1246 consistens
788 1233 798 1250 ‚
830 1219 899 1261 per
919 1204 1062 1245 multas
1083 1202 1374 1259 prudentesque
1385 1201 1669 1256 {sententiarum
1689 1205 1770 1245 vias
1788 1204 1971 1258 eumdem

313 1260 380 1301 fibi
402 1262 520 1316 prodi
547 1261 654 1316 posse
675 1261 863 1316 sperabat.
898 1261 1081 1315 Haecque
1099 1259 1405 1315 cogitationibus
1426 1260 1548 1300 anxiis
1569 1258 1790 1315 altioreque
1843 1259 1966 1316 rospi·

313 1318 417 1358 ciens
433 1331 525 1359 cura
535 1345 548 1365 ,
575 1317 701 1359 rursus
715 1317 764 1358 ad
777 1316 970 1358 Isaflenses
992 1315 1142 1358 hostem
1154 1317 1348 1372 comperit
1373 1315 1565 1357 revertisse
1582 1331 1592 1356 ;
1624 1329 1725 1371 quos
1737 1314 1818 1356 nihi
1845 1329 1971 1357 mora·

312 1383 374 1413 tus
388 1402 400 1421 ,
431 1385 477 1415 ut
508 1385 619 1415 antea
632 1402 642 1419 ‚
672 1373 891 1429 agminibus
921 1372 1097 1414 adoritur
1130 1372 1312 1413 incitatis.
1354 1372 1436 1413 Cui
1472 1372 1562 1413 Rex
1592 1372 1752 1413 Imazen
1785 1373 1939 1414 nomine
1957 1390 1975 1422 ,-

311 1428 505 1482 [ρεξὶειωε
520 1445 588 1485 per
600 1443 667 1471 eos
681 1430 825 1473 “astus
834 1428 1054 1485 opibusque
1072 1428 1226 1484 insignis
1237 1455 1248 1473 ‚
1285 1428 1502 1484 progressus
1523 1429 1682 1470 obviam
1705 1428 1967 1476 confidenter:

311 1485 435 1538 Cujus
456 1488 529 1527 loci
548 1500 591 1526 es
616 1486 694 1527 tu?
715 1485 912 1543 (inquit)
932 1485 1006 1526 vel
1025 1483 1124 1541 quid
1141 1484 1307 1526 ac'lurus
1332 1483 1406 1525 huc
1420 1483 1793 1539 venisli?responde.
1824 1485 1972 1539 ,Qem’

310 1541 562 1583 Theodofius
575 1542 737 1584 fundata
748 1553 875 1584 mente
889 1544 1042 1583 intuens
1053 1553 1226 1582 torvum:
1259 1542 1422 1589 Comes,
1451 1546 1504 1582 ait
1516 1568 1529 1589 ,
1557 1541 1829 1581 Valentiniani
1848 1541 1971 1593 sum,

309 1596 414 1638 orbis
423 1606 628 1639 terrarum
639 1596 803 1645 domini,
823 1599 878 1639 ad
889 1595 1179 1653 opprimendum
1190 1598 1380 1639 latronem
1377 1599 1587 1650 funereum
1598 1598 1729 1650 mtffits
1739 1613 1754 1637 .·
1779 1609 1890 1653 quem
1901 1591 1974 1653 nist
2004 1599 2005 1603 ’

299 1652 438 1707 statim
449 1652 677 1695 reddideris
687 1685 705 1702 ,
731 1663 777 1694 ut
787 1653 964 1695 mviaus
962 1652 1110 1707 statuit
1122 1653 1348 1708 Imperator
1358 1685 1374 1702 ,
1388 1653 1545 1708 peribis
1560 1652 1754 1708 funditus
1765 1660 1971 1711 cumgente

310 1723 425 1766 quam
438 1710 555 1767 regis.
586 1712 680 1765 Qio
691 1711 828 1751 audito
841 1711 1026 1765 Igmazen
1040 1736 1052 1757 ‚
1082 1707 1169 1762 post
1178 1710 1356 1750 convicia
1368 1710 1490 1750 multa
1509 1724 1598 1765 quae
1620 1708 1809 1765 congessit
1831 1710 1871 1750 in
1882 1709 1971 1758 Dus,

308 1779 393 1807 cem
410 1793 426 1814 ,
453 1766 511 1808 ira
523 1765 743 1822 doloreque
755 1765 949 1821 perculsus
961 1763 1144 1806 abscessit.
1178 1765 1229 1806 Et
1239 1764 1376 1806 secutae
1398 1768 1594 1821 principio
1615 1766 1710 1807 lucis
1724 1794 1736 1814 ‚
1765 1766 1970 1823 utrimque}

311 1822 527 1864 occursurae
539 1822 609 1865 fibi
617 1822 667 1864 ad
679 1822 976 1877 confligendum
985 1819 1246 1876 processerunt
1257 1823 1356 1863 acies
1369 1822 1628 1863 minaciffimae
1642 1837 1650 1863 :
1664 1826 1703 1864 &
1716 1820 1974 1869 barbarorum:

312 1879 452 1934 viginti
464 1893 575 1936 paene
585 1879 752 1919 milliain
775 1877 1005 1933 ipfislocata
1026 1877 1113 1918 sunt
1135 1875 1330 1919 frontibus
1345 1905 1358 1926 ‚
1388 1879 1596 1919 occultatis
1617 1891 1722 1934 pone
1731 1889 1842 1934 terga
1851 1875 1968 1918 fubfu

312 1934 478 1977 dialibus
497 1935 638 1990 globis,
654 1947 699 1976 ut
711 1933 958 1989 adsurgentes
970 1933 1172 1988 paullatim
1186 1932 1336 1975 nostros
1351 1934 1601 1977 multitudine
1613 1932 1834 1976 clauderent
1845 1931 1965 1988 inspe-

312 2000 413 2031 rata:
433 1991 739 2048 hisqueJesaleni
752 1989 954 2032 auxiliares
970 1989 1151 2029 accessere
1162 1990 1437 2045 quamplures,
1460 2003 1561 2046 quos
1571 1991 1794 2046 adjumenta
1803 1993 1962 2040 &cm-

313 2057 460 2089 meatus
471 2047 607 2091 nostris
616 2046 825 2090 docuimus
835 2044 1056 2102 promlfiffe.
1084 2044 1237 2087 Contra
1250 2047 1424 2089 Romani
1469 2048 1618 2089 uamvis
1630 2046 1850 2089 admodum
1872 2041 1891 2052 ⁰
1914 2055 1958 2084 u-

314 2103 374 2149 ei,
402 2115 531 2147 tamen
549 2103 720 2146 fortibus
734 2104 869 2144 animis
899 2100 1150 2156 vietoriisque
1180 2102 1402 2161 antegressis
1426 2105 1538 2154 eati,
1567 2103 1734 2146 densatis
1768 2146 1770 2150 ,
1807 2103 1827 2151 J
1855 2100 1862 2107 '
1892 2111 1963 2149 us,
2006 2100 2007 2126 l

314 2156 506 2215 scutisque
521 2161 562 2203 in
581 2159 781 2203 testudinis
793 2158 962 2202 formam
982 2157 1221 2200 cohaerenter
1235 2162 1378 2215 aptatis
1398 2159 1619 2202 restiterunt
1642 2156 1825 2216 gradibus
1845 2153 1966 2218 fixis-‚zv

315 2216 353 2253 δε
368 2215 390 2254 a
401 2216 489 2256 Sole
501 2227 592 2259 orto
603 2217 723 2274 usque
734 2216 785 2258 ad
794 2216 873 2258 diei
882 2216 1074 2260 extimum
1092 2216 1226 2270 pugna
1239 2218 1422 2273 protenta
1433 2216 1567 2274 paullo
1579 2227 1667 2259 anre
1689 2213 1892 2269 vesperam‘
1902 2216 1960 2257 Π·

355 2333 367 2357 3
393 2324 634 2361 uspernicionem.
673 2337 691 2356 4
710 2327 754 2355 Al.
770 2325 856 2357 citihs·
1200 2326 1217 2354 f
1229 2326 1593 2362 Mrau'meneummerz'sanmnq
1616 2324 1761 2355 castellum
1777 2309 1968 2355 Mus-8⁶³¹*
2004 2322 2007 2347 ἶ
