2007 2658
737 54 848 95 AD
909 52 1451 96 LECTOREM.

278 147 325 183 nis
341 141 485 193 apposuit
493 164 504 182 ‚
527 152 598 190 quar
606 152 722 176 novam
733 141 918 190 quandoque
928 141 1109 178 Editionem
1119 139 1297 191 aggressuris
1307 153 1425 190 magno
1433 139 1495 176 usui
1505 138 1566 176 esse
1576 139 1707 189 pollent.
1733 140 1872 177 Proinde
1894 142 1929 178 δε

278 194 429 229 ἀοᾶπίηε
449 195 482 229 δε
503 190 656 226 industriae
677 202 744 224 non
755 191 947 226 mediocrem
958 192 1044 226 certe
1054 191 1176 226 laudem
1198 200 1343 228 meretur.
1369 191 1432 225 Hae
1442 187 1507 225 fere
1519 188 1586 224 funt
1598 188 1761 225 Editiones
1772 190 1927 226 Historia·

278 257 347 278 rum
360 240 549 279 Marcellini,
562 251 628 286 quae
641 238 788 286 singulare
799 239 944 286 quiddam
959 252 1019 286 prae
1030 240 1140 274 ceteris
1152 239 1422 275 habuerunt.Nam
1441 238 1564 286 reliquae
1576 251 1615 273 ex
1628 238 1673 272 his
1685 248 1844 286 tamquam
1855 236 1931 274 fon-

279 293 362 327 tibus
371 290 515 325 derivatae
528 289 595 322 sunt
609 300 730 323 omnes.
744 289 852 322 Editio
866 288 950 322 verbi
961 289 1058 335 gratia
1074 287 1208 322 Roberti
1221 288 1387 334 Stephani,
1415 288 1451 321 ad
1469 289 1627 333 exemplar
1641 286 1825 321 Gelenianae
1848 286 1930 321 illius

277 339 410 386 exprcffa
422 337 476 373 cst.
503 336 635 371 Henrici
644 347 747 370 autern
757 335 928 382 Stephani,
954 336 1152 383 Gryphiique
1162 335 1326 371 Editionec
1336 336 1530 371 Basiliensem
1543 337 1627 370 illam
1638 335 1709 370 anni
1722 336 1928 371 MDXLVI.
1984 340 1987 343 '

278 389 370 423 instar
389 385 551 433 archetypi
572 384 680 418 secutae
701 383 781 420 sumt.
808 385 922 418 Earum
948 385 1044 430 porro
1058 384 1165 418 seriem
1177 382 1362 418 Editionum
1376 385 1478 432 paullo
1491 383 1582 418 fufius
1596 383 1647 418 hie
1657 383 1859 418 enarrandam
1871 381 1931 418 effe

279 436 351 471 duxi
361 434 474 470 duabus
495 435 534 469 de
543 432 651 470 causis.
679 434 766 468 Nam
777 432 854 466 cum
864 433 895 465 in
911 432 1178 467 Annotationibus
1190 431 1301 466 nostris
1316 433 1433 479 priores
1443 443 1572 480 quatuor
1584 431 1748 479 saepissime
1761 431 1930 465 nominen-

278 496 348 523 tur,
373 482 470 518 officii
492 481 586 518 nostri
606 481 660 515 fuit
679 481 848 514 Lectorem
868 480 907 514 de
927 479 1050 525 singulis
1060 491 1262 528 praemonere.
1290 482 1399 515 Altera
1409 483 1488 515 ratio
1498 480 1560 519 est,
1581 492 1613 514 ut
1624 489 1768 528 appareat
1780 479 1929 519 Lectori,

279 533 388 582 quibus
407 531 550 578 praefidiis
571 529 740 564 succinctus
752 540 868 561 novam
880 527 958 561 hanc
969 528 1152 562 Editionem
1163 527 1360 576 susceperim.
1385 529 1513 563 Etenim
1525 529 1670 563 Romana
1683 528 1808 577 quidem
1819 530 1852 564 &
1863 531 1932 562 Au—

279 581 405 630 gustana
419 583 449 614 &
464 577 634 614 Basiliensis
653 577 783 614 Editio,
809 586 919 622 utpote
936 587 974 609 ex
997 575 1071 611 ΜΠ.
1092 577 1319 623 exemplaribus
1330 575 1480 624 profeetae
1492 599 1502 616 ,
1527 575 1713 625 scriptorum
1725 576 1870 612 codicum
1883 575 1931 610 vi-

278 642 350 665 cem
364 627 479 663 merito
492 626 707 674 praestiterunt.
730 623 937 659 Bononiensis
950 634 1052 658 autem
1062 624 1114 658 illa
1125 648 1135 665 ,
1164 624 1269 672 (quod
1286 633 1379 659 unum
1393 624 1530 658 maxime
1550 626 1718 664 intererat)
1739 623 1862 660 fontem
1873 624 1934 660 mi-

279 678 310 713 hi
329 676 473 711 omnium
491 674 680 710 mendorum
702 672 832 721 aperuit.
857 675 895 707 In
921 685 982 720 quo
1001 672 1086 707 certe
1103 685 1160 708 nos
1172 671 1324 708 feliciores
1338 676 1371 707 ἃς
1389 672 1537 708 Accurfio
1546 672 1630 708 fuiffe
1641 677 1673 709 δε
1686 673 1826 710 Gelenio
1834 685 1934 709 nemo

280 725 445 762 dubitabit.
469 724 515 758 Hi
537 723 622 758 enim
633 745 643 761 ‚
667 732 700 756 ut
722 721 799 755 mihi
817 720 943 769 quidem
965 721 1102 760 videtur,
1129 721 1226 756 solam
1248 721 1397 767 Johannis
1410 722 1557 757 Frobenii
1568 721 1749 757 Editionem
1771 721 1912 758 viderant
1928 744 1939 760 ,

280 787 348 820 quae
360 772 594 809 Bononiensem
604 794 615 810 ,
639 771 681 806 uti
695 770 782 817 supra
794 770 856 804 dixi
872 791 881 808 ,
904 781 975 804 cum
987 769 1133 805 omnibus
1144 769 1264 805 mendis
1274 770 1470 818 expresserat.
1495 772 1568 806 Nec
1600 770 1735 820 uisquam
1746 780 1819 806 ante
1827 782 1885 806 nos
1895 770 1935 805 de

279 822 416 858 facinore
429 825 466 861 Ρ.
477 820 607 856 Castelli
625 831 665 854 ne
686 819 847 866 suspicatus
857 818 983 867 quidem
996 818 1128 855 videtur.
1155 819 1261 854 Nobis
1272 818 1370 866 porro
1385 829 1493 865 praeter
1503 819 1569 853 haec
1578 783 1708 853 subsidia
1721 841 1730 858 ‚
1757 817 1828 855 Mff.
1838 816 1933 855 etiam'

279 871 404 907 codices
417 882 481 904 non
494 867 666 904 defuerunt.
694 869 866 915 Inter-quos
881 867 995 902 merito
1008 869 1144 914 palmam
1156 866 1232 902 ferat
1243 868 1343 902 codex
1357 866 1563 903 Bibliothecae
1573 867 1683 916 Regiae
1697 889 1707 906 ,
1736 874 1832 915 quem
1844 866 1860 901 a
1874 867 1938 902 Vi-

281 932 317 954 ro
327 917 494 954 clariffimo
505 916 748 964 doetiffimoque
758 917 899 951 Nicolao
909 915 1052 964 Rigaltio
1062 939 1072 956 ,
1098 917 1163 961 ejus
1174 915 1378 951 Bibliothecae
1390 914 1545 951 Praefec‘to
1554 939 1565 956 ‚
1591 915 1831 950 commodatum
1848 927 1939 952 acce-

281 968 324 1016 pi.
353 967 416 1002 Hic
428 967 527 1008 codex
541 965 595 1000 etsi
608 978 674 1000 non
685 963 822 999 multum
834 964 973 1012 antiquus
986 993 995 1006 ‚
1019 976 1056 999 ex
1069 975 1194 1012 optimo
1208 975 1312 999 tamen
1322 965 1493 1010 exemplari
1509 968 1540 1000 δε
1553 964 1590 998 ab
1602 963 1723 999 erudito
1735 963 1865 1000 homine
1878 964 1936 998 de-
1990 987 1999 994 -

281 1015 411 1062 scriptus
420 1038 431 1056 ‚
457 1015 489 1050 in
503 1013 643 1062 plurimis
655 1013 732 1048 locis
743 1013 945 1048 emendandis
958 1025 1129 1062 permagno
1142 1013 1217 1048 mihi
1229 1012 1289 1047 usui
1301 1011 1368 1049 fuit.
1392 1013 1476 1047 Huic
1485 1012 1608 1047 acceffit
1619 1012 1719 1047 codex
1730 1011 1938 1048 Bibliothecae

279 1065 444 1101 vaticana
456 1085 467 1102 ‚
494 1063 544 1110 qui
556 1062 635 1096 olim
647 1060 828 1098 Monasterii
842 1060 997 1096 Fuldenfis
1007 1059 1123 1100 fuerat',
1142 1072 1215 1096 ante
1224 1061 1467 1110 quadringentos
1479 1062 1547 1108 plus
1565 1059 1670 1095 minus
1680 1072 1779 1094 annos
1789 1070 1940 1097 exaratus.

280 1113 331 1150 Ex
342 1124 381 1147 eo
394 1113 481 1146 locos
490 1111 640 1158 quosdam
653 1110 670 1144 a
682 1111 711 1155 J.
723 1109 840 1154 Jacobo
854 1109 1043 1144 Bouchardo
1055 1109 1175 1145 erudito
1188 1110 1256 1145 viro
1266 1121 1298 1145 ut
1309 1110 1458 1158 petieram
1470 1110 1604 1145 collatos
1615 1131 1625 1148 ‚
1651 1107 1732 1144 milit
1753 1108 1791 1143 ad
1813 1120 1864 1144 me
1872 1108 1938 1144 Ni-

280 1161 386 1196 colaus
398 1159 552 1197 Fabricius
562 1158 728 1194 Peirescius
741 1161 782 1194 V.
801 1158 855 1193 (ΖΙ.
868 1156 1006 1205 quicum
1017 1158 1060 1193 rei
1073 1158 1204 1206 publicae
1216 1158 1386 1193 litteratum
1396 1157 1484 1192 bono
1505 1167 1591 1193 natus
1612 1155 1656 1193 est
1667 1180 1679 1197 ,
1704 1167 1773 1191 tum
1783 1156 1816 1192 in
1826 1156 1938 1192 nostris

281 1208 426 1256 privatim
437 1207 540 1243 studiis
549 1208 688 1251 juvandis
703 1210 736 1241 δε
747 1206 970 1254 promovendis
982 1207 1057 1241 nulli
1069 1207 1165 1241 labori
1177 1211 1210 1243 &
1220 1206 1369 1256 impensae
1381 1217 1506 1254 parcere
1514 1207 1607 1245 solet.
1632 1205 1676 1243 Et
1687 1217 1871 1255 quamquam
1882 1217 1938 1254 pa-

281 1258 379 1306 gellas
389 1256 429 1292 ab
439 1268 479 1291 eo
491 1256 529 1291 ad
541 1267 593 1290 me
605 1253 705 1290 missas
719 1254 813 1289 serius
824 1258 856 1289 δε
868 1253 978 1289 affecta
990 1256 1051 1300 jam
1063 1255 1214 1290 Editione
1233 1254 1337 1291 nostra
1347 1255 1451 1303 accepi
1463 1269 1472 1289 ε
1500 1253 1660 1290 observavi
1681 1264 1787 1289 tamen
1807 1254 1937 1290 Vatica-

279 1318 357 1341 num
368 1304 512 1340 codicem
523 1304 610 1338 illum
618 1302 683 1337 fere.
693 1302 803 1350 ubique
814 1314 884 1337 cum
896 1303 1002 1351 Regio
1013 1304 1350 1341 consentire-,Praeterea
1362 1304 1472 1338 librum
1485 1302 1619 1339 Antonii
1630 1302 1804 1344 Loiselli.in
1817 1315 1878 1354 quo
1890 1301 1937 1339 vir

282 1354 338 1388 ille
350 1352 543 1388 doeciffimus
554 1351 650 1387 varias
660 1351 777 1398 aliquot
791 1350 942 1385 lectiones
956 1351 992 1385 M
996 1351 1016 1387 s.
1026 1352 1210 1399 codicisq‚ui
1222 1351 1301 1385 olim
1311 1351 1468 1388 Valentia:
1478 1353 1634 1386 Cavarum
1647 1349 1934 1392 fuit,adn0taverat‚

281 1400 419 1449 benigne
427 1399 503 1435 mihi
512 1399 757 1434 communicavit
768 1398 980 1445 Hieronymus
992 1399 1306 1448 BignoniusV.Cl.&
1318 1399 1398 1434 inter
1410 1399 1561 1447 praecipua
1572 1398 1708 1434 Luteciae
1722 1398 1834 1434 nostrae
1845 1407 1938 1435 orha-

282 1459 390 1485 menta
401 1446 772 1493 numerandus.Deniquc
783 1445 928 1480 Friderici
941 1447 1169 1494 Lindenbrogii
1180 1451 1212 1481 &t
1226 1447 1355 1482 Gruteri
1369 1446 1642 1486 Editiones,varias
1651 1459 1774 1497 quoque
1786 1446 1938 1487 leffiones

283 1512 322 1533 ex
336 1495 636 1541 Mffiexemplaribus
646 1494 830 1529 Florentino
843 1496 872 1528 δι
880 1493 1033 1528 Fauchetii
1045 1493 1350 1541 suppeditarunt.His
1361 1494 1452 1542 igitur
1460 1495 1577 1529 auxiliis
1587 1493 1939 1533 instruetusMarcellini

283 1545 423 1582 historias
434 1543 555 1579 mendis
565 1541 800 1590 quamplurimis
811 1552 952 1590 purgatas
964 1542 994 1576 in
1008 1543 1166 1589 publicum
1176 1541 1275 1578 emili.
1283 1541 1513 1577 Adnotationes
1522 1555 1647 1591 quoqre
1659 1543 1812 1578 uberiores
1823 1543 1938 1584 addidi,

284 1594 395 1642 quibus
405 1593 482 1628 cum
491 1592 752 1627 emendationum
761 1601 901 1624 mearum
909 1590 1066 1625 rationem
1079 1591 1240 1626 redderem
1252 1618 1260 1632 .
1285 1601 1353 1625 tum
1362 1590 1503 1626 difficiles
1512 1590 1648 1639 quosque
1657 1592 1745 1626 locos
1759 1600 1770 1635 (
1782 1591 1871 1636 cujus
1869 1604 1939 1628 mo-

286 1645 317 1681 di
331 1644 360 1678 in
371 1643 433 1678 hoc
445 1640 604 1688 Scriptore
613 1649 776 1675 occurrunt
789 1637 932 1686 plurimi)
945 1639 1146 1686 explicarem.
1172 1642 1282 1687 Inquo
1297 1639 1369 1687 quid
1382 1639 1573 1688 praestiterim
1583 1668 1592 1681 ,
1621 1649 1673 1673 tuo
1687 1641 1803 1676 Lector
1823 1641 1937 1685 judicio

287 1692 445 1739 relinquo.
472 1691 547 1724 Hoc
560 1688 685 1736 quidem
699 1687 773 1722 mihi
787 1687 896 1722 videor
907 1687 971 1730 jure
981 1687 1065 1734 posse
1076 1688 1178 1724 dicere
1188 1710 1199 1727 ,
1226 1686 1340 1722 dedisse
1353 1699 1562 1736 meoperam,
1589 1698 1623 1721 ut
1637 1689 1756 1724 nullum
1777 1687 1937 1724 obscurio-

286 1752 352 1775 rem
365 1741 470 1774 locum
484 1737 578 1772 tacite
588 1740 620 1772 δι
632 1735 855 1772 dissimulanter
867 1737 1065 1784 praeterirem.
1095 1735 1262 1771 Postremo
1283 1736 1438 1784 Excerpta
1448 1737 1487 1771 de
1506 1736 1597 1787 gestis
1610 1734 1809 1772 Constantini
1821 1761 1832 1776 ,
1857 1749 1938 1785 quo-

285 1802 351 1824 rum
365 1788 397 1823 in
408 1786 675 1823 Adnotationibus
685 1785 766 1832 saepe
776 1785 972 1819 mentionem
982 1783 1063 1819 facio
1073 1807 1085 1825 ‚
1114 1785 1185 1820 huic
1195 1783 1338 1820 Editioni
1349 1782 1461 1820 nostrae
1468 1785 1574 1830 subjun
1601 1797 1651 1819 ere
1663 1786 1787 1832 placuit.
1813 1785 1935 1822 Eorum

286 1847 390 1872 autem
400 1836 476 1871 mihi
497 1834 623 1883 copiam
636 1832 710 1868 fecit
730 1834 773 1869 R.
786 1836 824 1869 P.
843 1832 975 1877 jacobus
986 1833 1165 1869 Sirmundus
1176 1861 1185 1874 ,
1213 1832 1327 1878 judicio
1342 1862 1351 1875 ,
1375 1833 1519 1868 destrinfi
1531 1856 1540 1871 ‚
1568 1797 1688 1881 fiilique
1698 1833 1853 1881 elegantia
1866 1857 1877 1873 ‚
1903 1845 1936 1870 ut

287 1887 367 1920 inter
375 1897 488 1920 omnes
495 1883 616 1919 constat
626 1911 636 1924 ‚
660 1881 932 1921 eminentiffimus.
958 1883 1056 1926 Cujus
1066 1882 1161 1916 etiam
1171 1881 1353 1916 humanitati
1363 1881 1488 1917 debetur
1500 1894 1647 1918 nummus
1657 1882 1708 1917 ille
1721 1882 1937 1918 Hanniballia-

289 1934 320 1969 ni
332 1934 429 1983 Regis
439 1957 450 1973 ‚
474 1933 526 1982 qui
541 1931 795 1967 Adnotationum
806 1929 979 1965 nostrarum
991 1930 1172 1965 vestibulum
1180 1941 1319 1965 exornat.
1348 1930 1423 1976 Ejus
1430 1931 1515 1966 enim
1526 1930 1647 1966 nummi
1658 1930 1804 1979 ec‘typum
1819 1944 1875 1978 pro
1886 1929 1935 1966 sua

289 1995 359 2030 erga
372 1994 424 2017 me
432 1981 651 2017 benevolentia
665 1979 829 2014 liberaliter
838 1978 915 2013 mihi
926 1979 1183 2014 communicavit.
1212 1979 1332 2015 Frueris
1343 1979 1435 2029 igitur
1446 2002 1457 2019 ‚
1484 1978 1584 2014 amice
1596 1979 1712 2015 Leetor
1722 2002 1733 2018 ,
1759 1979 1818 2013 hoc
1831 1979 1938 2016 labore

290 2030 397 2067 nostro
411 2046 419 2067 ι
446 2035 479 2067 &
490 2031 511 2067 si
522 2029 644 2079 quando
653 2051 665 2069 ,
691 2039 722 2064 ut
733 2029 765 2064 in
776 2039 841 2064 tam
851 2027 972 2063 lubrico
982 2040 1078 2078 opere
1088 2050 1098 2069 ‚
1125 2026 1198 2077 lapsi
1210 2026 1323 2062 erimus
1331 2051 1343 2069 ‚
1370 2028 1461 2065 nobis
1472 2027 1644 2068 humaniter
1654 2027 1862 2066 condonabis.
1875 2034 1878 2038 ⁴
