<?xml version="1.0" encoding="UTF-8"?>
<!DOCTYPE html PUBLIC "-//W3C//DTD XHTML 1.0 Transitional//EN"
    "http://www.w3.org/TR/xhtml1/DTD/xhtml1-transitional.dtd">
<html xmlns="http://www.w3.org/1999/xhtml" xml:lang="en" lang="en">
 <head>
  <title>
</title>
<meta http-equiv="Content-Type" content="text/html;charset=utf-8" />
  <meta name='ocr-system' content='tesseract 3.04.00' />
  <meta name='ocr-capabilities' content='ocr_page ocr_carea ocr_par ocr_line ocrx_word'/>
</head>
<body>
  <div class='ocr_page' id='page_1' title='image "ammianimarcellin00ammi_0053.png"; bbox 0 0 2007 2658; ppageno 0'>
   <div class='ocr_carea' id='block_1_1' title="bbox 546 43 1264 94">
    <p class='ocr_par' dir='ltr' id='par_1_1' title="bbox 546 43 1264 94">
     <span class='ocr_line' id='line_1_1' title="bbox 546 43 1264 94; baseline 0.013 -10"><span class='ocrx_word' id='word_1_1' title='bbox 546 47 657 90; x_wconf 79' lang='lat' dir='ltr'>AD</span> <span class='ocrx_word' id='word_1_2' title='bbox 717 43 1264 94; x_wconf 85' lang='lat' dir='ltr'>LECTOREM.</span> 
     </span>
    </p>
   </div>
   <div class='ocr_carea' id='block_1_2' title="bbox 52 134 1720 2351">
    <p class='ocr_par' dir='ltr' id='par_1_2' title="bbox 52 134 1720 2351">
     <span class='ocr_line' id='line_1_2' title="bbox 123 134 1720 197; baseline -0.003 -17"><span class='ocrx_word' id='word_1_3' title='bbox 123 147 231 180; x_wconf 82' lang='lat' dir='ltr'>Petrus</span> <span class='ocrx_word' id='word_1_4' title='bbox 249 141 389 179; x_wconf 86' lang='lat' dir='ltr'>Pithoeus</span> <span class='ocrx_word' id='word_1_5' title='bbox 399 137 432 172; x_wconf 86' lang='lat' dir='ltr'>in</span> <span class='ocrx_word' id='word_1_6' title='bbox 446 135 583 185; x_wconf 80' lang='lat' dir='ltr'>margine</span> <span class='ocrx_word' id='word_1_7' title='bbox 595 134 755 170; x_wconf 83' lang='lat' dir='ltr'>Ammiani</span> <span class='ocrx_word' id='word_1_8' title='bbox 770 134 828 176; x_wconf 88' lang='lat' dir='ltr'>sui,</span> <span class='ocrx_word' id='word_1_9' title='bbox 854 143 924 168; x_wconf 82' lang='lat' dir='ltr'>cum</span> <span class='ocrx_word' id='word_1_10' title='bbox 940 134 1048 170; x_wconf 85' lang='lat' dir='ltr'>codice</span> <span class='ocrx_word' id='word_1_11' title='bbox 1060 138 1237 172; x_wconf 26' lang='lat' dir='ltr'>Valentino.</span> <span class='ocrx_word' id='word_1_12' title='bbox 1254 143 1356 177; x_wconf 73' lang='lat' dir='ltr'>collari</span> <span class='ocrx_word' id='word_1_13' title='bbox 1370 168 1379 183; x_wconf 84' lang='lat'>,</span> <span class='ocrx_word' id='word_1_14' title='bbox 1408 159 1498 183; x_wconf 67' lang='lat' dir='ltr'>manu</span> <span class='ocrx_word' id='word_1_15' title='bbox 1520 150 1571 184; x_wconf 60' lang='lat' dir='ltr'>fua.</span> <span class='ocrx_word' id='word_1_16' title='bbox 1586 148 1698 197; x_wconf 59' lang='lat' dir='ltr'>stflpsst</span> <span class='ocrx_word' id='word_1_17' title='bbox 1709 172 1720 189; x_wconf 79' lang='lat'>‚</span> 
     </span>
     <span class='ocr_line' id='line_1_3' title="bbox 74 184 1720 246; baseline 0.004 -18"><span class='ocrx_word' id='word_1_18' title='bbox 74 204 183 243; x_wconf 71' lang='lat' dir='ltr'>prseter</span> <span class='ocrx_word' id='word_1_19' title='bbox 195 206 250 231; x_wconf 70' lang='grc' dir='ltr'>χιι</span> <span class='ocrx_word' id='word_1_20' title='bbox 262 204 293 230; x_wconf 70' lang='grc' dir='ltr'>ι,</span> <span class='ocrx_word' id='word_1_21' title='bbox 312 191 426 238; x_wconf 77' lang='lat' dir='ltr'>priores</span> <span class='ocrx_word' id='word_1_22' title='bbox 436 187 531 221; x_wconf 79' lang='lat' dir='ltr'>libr-os</span> <span class='ocrx_word' id='word_1_23' title='bbox 542 185 592 231; x_wconf 87' lang='lat' dir='ltr'>qui</span> <span class='ocrx_word' id='word_1_24' title='bbox 608 184 830 224; x_wconf 79' lang='lat' dir='ltr'>desiderantur,</span> <span class='ocrx_word' id='word_1_25' title='bbox 851 184 882 217; x_wconf 90' lang='lat' dir='ltr'>in</span> <span class='ocrx_word' id='word_1_26' title='bbox 903 184 986 218; x_wconf 84' lang='lat' dir='ltr'>libris</span> <span class='ocrx_word' id='word_1_27' title='bbox 1000 196 1084 220; x_wconf 79' lang='lat' dir='ltr'>xvn</span> <span class='ocrx_word' id='word_1_28' title='bbox 1096 197 1122 222; x_wconf 80' lang='lat' dir='ltr'>x.</span> <span class='ocrx_word' id='word_1_29' title='bbox 1147 187 1197 235; x_wconf 88' lang='lat' dir='ltr'>qui</span> <span class='ocrx_word' id='word_1_30' title='bbox 1218 187 1390 236; x_wconf 76' lang='lat' dir='ltr'>supersunt,</span> <span class='ocrx_word' id='word_1_31' title='bbox 1414 200 1502 229; x_wconf 62' lang='lat' dir='ltr'>multa</span> <span class='ocrx_word' id='word_1_32' title='bbox 1526 201 1615 233; x_wconf 77' lang='lat' dir='ltr'>eriam</span> <span class='ocrx_word' id='word_1_33' title='bbox 1637 200 1720 246; x_wconf 71' lang='lat' dir='ltr'>deesse</span> 
     </span>
     <span class='ocr_line' id='line_1_4' title="bbox 72 234 1719 291; baseline 0.002 -12"><span class='ocrx_word' id='word_1_34' title='bbox 72 245 182 280; x_wconf 71' lang='lat' dir='ltr'>videri:</span> <span class='ocrx_word' id='word_1_35' title='bbox 204 239 427 289; x_wconf 75' lang='lat' dir='ltr'>quandoquidem</span> <span class='ocrx_word' id='word_1_36' title='bbox 439 236 604 268; x_wconf 76' lang='lat' dir='ltr'>Ammianus</span> <span class='ocrx_word' id='word_1_37' title='bbox 613 234 683 281; x_wconf 64' lang='lat' dir='ltr'>sape</span> <span class='ocrx_word' id='word_1_38' title='bbox 691 235 788 279; x_wconf 75' lang='lat' dir='ltr'>plures</span> <span class='ocrx_word' id='word_1_39' title='bbox 800 246 885 268; x_wconf 83' lang='lat' dir='ltr'>annos</span> <span class='ocrx_word' id='word_1_40' title='bbox 896 234 1012 268; x_wconf 52' lang='lat' dir='ltr'>indi-ctos</span> <span class='ocrx_word' id='word_1_41' title='bbox 1024 235 1213 279; x_wconf 75' lang='lat' dir='ltr'>transmittirt</span> <span class='ocrx_word' id='word_1_42' title='bbox 1235 241 1310 282; x_wconf 78' lang='lat' dir='ltr'>quod</span> <span class='ocrx_word' id='word_1_43' title='bbox 1328 255 1366 275; x_wconf 85' lang='lat' dir='ltr'>ex</span> <span class='ocrx_word' id='word_1_44' title='bbox 1378 242 1541 288; x_wconf 65' lang='lat' dir='ltr'>Consulibus</span> <span class='ocrx_word' id='word_1_45' title='bbox 1551 260 1617 291; x_wconf 79' lang='lat' dir='ltr'>quos</span> <span class='ocrx_word' id='word_1_46' title='bbox 1635 259 1719 282; x_wconf 78' lang='lat' dir='ltr'>nota-</span> 
     </span>
     <span class='ocr_line' id='line_1_5' title="bbox 70 282 1719 341; baseline -0.003 -13"><span class='ocrx_word' id='word_1_47' title='bbox 70 294 169 328; x_wconf 63' lang='lat' dir='ltr'>omine</span> <span class='ocrx_word' id='word_1_48' title='bbox 187 314 197 330; x_wconf 85' lang='lat'>‚</span> <span class='ocrx_word' id='word_1_49' title='bbox 229 293 258 325; x_wconf 71' lang='lat' dir='ltr'>in</span> <span class='ocrx_word' id='word_1_50' title='bbox 269 287 356 330; x_wconf 77' lang='lat' dir='ltr'>Fastis</span> <span class='ocrx_word' id='word_1_51' title='bbox 380 285 554 319; x_wconf 60' lang='lat' dir='ltr'>intemetum</span> <span class='ocrx_word' id='word_1_52' title='bbox 566 285 612 318; x_wconf 71' lang='lat' dir='ltr'>iri.</span> <span class='ocrx_word' id='word_1_53' title='bbox 634 285 681 317; x_wconf 88' lang='lat' dir='ltr'>Ita</span> <span class='ocrx_word' id='word_1_54' title='bbox 694 286 801 317; x_wconf 88' lang='lat' dir='ltr'>Petrus</span> <span class='ocrx_word' id='word_1_55' title='bbox 814 282 953 318; x_wconf 71' lang='lat' dir='ltr'>Pithoeus</span> <span class='ocrx_word' id='word_1_56' title='bbox 964 283 1098 331; x_wconf 86' lang='lat' dir='ltr'>loquitur</span> <span class='ocrx_word' id='word_1_57' title='bbox 1110 286 1142 318; x_wconf 59' lang='grc' dir='ltr'>δέ</span> <span class='ocrx_word' id='word_1_58' title='bbox 1155 285 1254 321; x_wconf 78' lang='lat' dir='ltr'>sentit.</span> <span class='ocrx_word' id='word_1_59' title='bbox 1309 290 1364 324; x_wconf 87' lang='lat' dir='ltr'>Sed</span> <span class='ocrx_word' id='word_1_60' title='bbox 1377 291 1403 324; x_wconf 86' lang='lat' dir='ltr'>ei</span> <span class='ocrx_word' id='word_1_61' title='bbox 1414 291 1599 338; x_wconf 85' lang='lat' dir='ltr'>respondere</span> <span class='ocrx_word' id='word_1_62' title='bbox 1616 297 1719 341; x_wconf 71' lang='lat' dir='ltr'>postu-</span> 
     </span>
     <span class='ocr_line' id='line_1_6' title="bbox 76 330 1718 386; baseline -0.001 -10"><span class='ocrx_word' id='word_1_63' title='bbox 76 355 145 376; x_wconf 90' lang='lat' dir='ltr'>mus</span> <span class='ocrx_word' id='word_1_64' title='bbox 156 364 165 379; x_wconf 91' lang='lat'>‚</span> <span class='ocrx_word' id='word_1_65' title='bbox 188 336 390 374; x_wconf 86' lang='lat' dir='ltr'>Ammianum</span> <span class='ocrx_word' id='word_1_66' title='bbox 411 332 533 381; x_wconf 83' lang='lat' dir='ltr'>quidem</span> <span class='ocrx_word' id='word_1_67' title='bbox 558 330 715 367; x_wconf 79' lang='lat' dir='ltr'>Consules</span> <span class='ocrx_word' id='word_1_68' title='bbox 736 332 852 379; x_wconf 79' lang='lat' dir='ltr'>aliquot</span> <span class='ocrx_word' id='word_1_69' title='bbox 862 333 893 366; x_wconf 92' lang='lat' dir='ltr'>in</span> <span class='ocrx_word' id='word_1_70' title='bbox 914 344 974 366; x_wconf 80' lang='lat' dir='ltr'>xvt</span> <span class='ocrx_word' id='word_1_71' title='bbox 987 343 1038 369; x_wconf 79' lang='lat'>11.</span> <span class='ocrx_word' id='word_1_72' title='bbox 1065 334 1273 370; x_wconf 86' lang='lat' dir='ltr'>voluminibus</span> <span class='ocrx_word' id='word_1_73' title='bbox 1285 350 1351 384; x_wconf 76' lang='lat' dir='ltr'>qux</span> <span class='ocrx_word' id='word_1_74' title='bbox 1371 338 1541 386; x_wconf 81' lang='lat' dir='ltr'>supersunt,</span> <span class='ocrx_word' id='word_1_75' title='bbox 1566 344 1694 378; x_wconf 62' lang='lat' dir='ltr'>omisisti:</span> <span class='ocrx_word' id='word_1_76' title='bbox 1707 358 1718 379; x_wconf 82' lang='lat'>:</span> 
     </span>
     <span class='ocr_line' id='line_1_7' title="bbox 73 380 1719 430; baseline 0.001 -5"><span class='ocrx_word' id='word_1_77' title='bbox 73 398 250 425; x_wconf 87' lang='lat' dir='ltr'>nontamen</span> <span class='ocrx_word' id='word_1_78' title='bbox 263 397 369 419; x_wconf 88' lang='lat' dir='ltr'>eorum</span> <span class='ocrx_word' id='word_1_79' title='bbox 383 393 533 417; x_wconf 86' lang='lat' dir='ltr'>annorum</span> <span class='ocrx_word' id='word_1_80' title='bbox 544 393 590 415; x_wconf 86' lang='lat' dir='ltr'>res</span> <span class='ocrx_word' id='word_1_81' title='bbox 600 380 699 429; x_wconf 80' lang='lat' dir='ltr'>gestas</span> <span class='ocrx_word' id='word_1_82' title='bbox 710 381 847 416; x_wconf 79' lang='lat' dir='ltr'>omisifle.</span> <span class='ocrx_word' id='word_1_83' title='bbox 880 381 996 416; x_wconf 84' lang='lat' dir='ltr'>Omisit</span> <span class='ocrx_word' id='word_1_84' title='bbox 1009 382 1133 430; x_wconf 85' lang='lat' dir='ltr'>quidem</span> <span class='ocrx_word' id='word_1_85' title='bbox 1146 385 1332 420; x_wconf 78' lang='lat' dir='ltr'>Ammianus</span> <span class='ocrx_word' id='word_1_86' title='bbox 1342 388 1373 421; x_wconf 90' lang='lat' dir='ltr'>in</span> <span class='ocrx_word' id='word_1_87' title='bbox 1385 389 1473 423; x_wconf 87' lang='lat' dir='ltr'>rebus</span> <span class='ocrx_word' id='word_1_88' title='bbox 1485 403 1635 426; x_wconf 86' lang='lat' dir='ltr'>annorum</span> <span class='ocrx_word' id='word_1_89' title='bbox 1648 406 1719 428; x_wconf 78' lang='lat' dir='ltr'>xxv.</span> 
     </span>
     <span class='ocr_line' id='line_1_8' title="bbox 73 430 1718 486; baseline -0.002 -16"><span class='ocrx_word' id='word_1_90' title='bbox 73 439 151 486; x_wconf 81' lang='lat' dir='ltr'>paria</span> <span class='ocrx_word' id='word_1_91' title='bbox 162 434 333 468; x_wconf 85' lang='lat' dir='ltr'>Consulum</span> <span class='ocrx_word' id='word_1_92' title='bbox 351 445 399 467; x_wconf 78' lang='lat' dir='ltr'>tx.</span> <span class='ocrx_word' id='word_1_93' title='bbox 421 431 562 466; x_wconf 83' lang='lat' dir='ltr'>videlicet</span> <span class='ocrx_word' id='word_1_94' title='bbox 577 431 764 478; x_wconf 81' lang='lat' dir='ltr'>Lupicinum</span> <span class='ocrx_word' id='word_1_95' title='bbox 777 434 808 465; x_wconf 72' lang='grc' dir='ltr'>δι</span> <span class='ocrx_word' id='word_1_96' title='bbox 820 430 967 475; x_wconf 87' lang='lat' dir='ltr'>Jovinum</span> <span class='ocrx_word' id='word_1_97' title='bbox 983 453 992 469; x_wconf 85' lang='lat'>,</span> <span class='ocrx_word' id='word_1_98' title='bbox 1004 432 1257 468; x_wconf 78' lang='lat' dir='ltr'>Valentinianum</span> <span class='ocrx_word' id='word_1_99' title='bbox 1270 437 1311 470; x_wconf 90' lang='lat' dir='ltr'>Il.</span> <span class='ocrx_word' id='word_1_100' title='bbox 1325 439 1357 470; x_wconf 71' lang='grc' dir='ltr'>δε</span> <span class='ocrx_word' id='word_1_101' title='bbox 1372 438 1537 472; x_wconf 79' lang='lat' dir='ltr'>Valentem</span> <span class='ocrx_word' id='word_1_102' title='bbox 1552 443 1593 475; x_wconf 87' lang='grc' dir='ltr'>ΙΙ.</span> <span class='ocrx_word' id='word_1_103' title='bbox 1606 442 1639 477; x_wconf 72' lang='grc'>8(</span> <span class='ocrx_word' id='word_1_104' title='bbox 1653 444 1718 477; x_wconf 60' lang='lat' dir='ltr'>Va-</span> 
     </span>
     <span class='ocr_line' id='line_1_9' title="bbox 67 479 1719 531; baseline -0.002 -10"><span class='ocrx_word' id='word_1_105' title='bbox 67 484 267 523; x_wconf 81' lang='lat' dir='ltr'>lentinianum</span> <span class='ocrx_word' id='word_1_106' title='bbox 280 479 517 518; x_wconf 74' lang='lat' dir='ltr'>Nobilissimum</span> <span class='ocrx_word' id='word_1_107' title='bbox 531 485 660 516; x_wconf 88' lang='lat' dir='ltr'>Puerum</span> <span class='ocrx_word' id='word_1_108' title='bbox 672 483 704 515; x_wconf 87' lang='lat'>&amp;</span> <span class='ocrx_word' id='word_1_109' title='bbox 718 480 883 516; x_wconf 62' lang='lat' dir='ltr'>Vistorem</span> <span class='ocrx_word' id='word_1_110' title='bbox 894 503 904 519; x_wconf 91' lang='lat'>,</span> <span class='ocrx_word' id='word_1_111' title='bbox 929 480 1113 515; x_wconf 79' lang='lat' dir='ltr'>Gratianum</span> <span class='ocrx_word' id='word_1_112' title='bbox 1129 482 1299 531; x_wconf 83' lang='lat' dir='ltr'>Augustum</span> <span class='ocrx_word' id='word_1_113' title='bbox 1312 488 1356 520; x_wconf 87' lang='grc' dir='ltr'>Π.</span> <span class='ocrx_word' id='word_1_114' title='bbox 1377 486 1411 521; x_wconf 73' lang='grc'>8(</span> <span class='ocrx_word' id='word_1_115' title='bbox 1427 488 1564 522; x_wconf 87' lang='lat' dir='ltr'>Probum</span> <span class='ocrx_word' id='word_1_116' title='bbox 1578 513 1588 529; x_wconf 87' lang='lat'>‚</span> <span class='ocrx_word' id='word_1_117' title='bbox 1605 490 1719 525; x_wconf 72' lang='lat' dir='ltr'>Mode-</span> 
     </span>
     <span class='ocr_line' id='line_1_10' title="bbox 68 529 1718 585; baseline 0.002 -16"><span class='ocrx_word' id='word_1_118' title='bbox 68 534 146 569; x_wconf 84' lang='lat' dir='ltr'>stum</span> <span class='ocrx_word' id='word_1_119' title='bbox 158 535 192 569; x_wconf 74' lang='grc' dir='ltr'>ὅ(</span> <span class='ocrx_word' id='word_1_120' title='bbox 205 529 671 569; x_wconf 83' lang='lat' dir='ltr'>Arinthaeum‚Valentinianum</span> <span class='ocrx_word' id='word_1_121' title='bbox 683 532 744 565; x_wconf 90' lang='lat' dir='ltr'>1V.</span> <span class='ocrx_word' id='word_1_122' title='bbox 758 531 792 566; x_wconf 78' lang='grc' dir='ltr'>ὃ(</span> <span class='ocrx_word' id='word_1_123' title='bbox 805 531 971 564; x_wconf 78' lang='lat' dir='ltr'>Valentem</span> <span class='ocrx_word' id='word_1_124' title='bbox 985 532 1043 566; x_wconf 85' lang='lat' dir='ltr'>IV.</span> <span class='ocrx_word' id='word_1_125' title='bbox 1057 529 1125 577; x_wconf 85' lang='lat' dir='ltr'>post</span> <span class='ocrx_word' id='word_1_126' title='bbox 1135 531 1336 569; x_wconf 78' lang='lat' dir='ltr'>Consulatum</span> <span class='ocrx_word' id='word_1_127' title='bbox 1350 534 1489 569; x_wconf 86' lang='lat' dir='ltr'>Gratiani</span> <span class='ocrx_word' id='word_1_128' title='bbox 1501 540 1557 571; x_wconf 85' lang='grc' dir='ltr'>ΠΙ.</span> <span class='ocrx_word' id='word_1_129' title='bbox 1571 540 1603 571; x_wconf 86' lang='lat'>&amp;</span> <span class='ocrx_word' id='word_1_130' title='bbox 1618 540 1718 585; x_wconf 80' lang='lat' dir='ltr'>AEqui-</span> 
     </span>
     <span class='ocr_line' id='line_1_11' title="bbox 67 579 1715 625; baseline 0.002 -8"><span class='ocrx_word' id='word_1_131' title='bbox 67 583 119 625; x_wconf 82' lang='lat' dir='ltr'>tii;</span> <span class='ocrx_word' id='word_1_132' title='bbox 134 582 300 619; x_wconf 81' lang='lat' dir='ltr'>Valentem</span> <span class='ocrx_word' id='word_1_133' title='bbox 316 584 357 617; x_wconf 89' lang='lat' dir='ltr'>A.</span> <span class='ocrx_word' id='word_1_134' title='bbox 379 583 423 616; x_wconf 87' lang='lat' dir='ltr'>V.</span> <span class='ocrx_word' id='word_1_135' title='bbox 454 583 486 614; x_wconf 70' lang='grc' dir='ltr'>ὃ(</span> <span class='ocrx_word' id='word_1_136' title='bbox 500 579 754 614; x_wconf 82' lang='lat' dir='ltr'>Valentinianum</span> <span class='ocrx_word' id='word_1_137' title='bbox 765 579 918 624; x_wconf 79' lang='lat' dir='ltr'>juniorem</span> <span class='ocrx_word' id='word_1_138' title='bbox 933 582 974 614; x_wconf 89' lang='lat' dir='ltr'>A.</span> <span class='ocrx_word' id='word_1_139' title='bbox 987 580 1154 615; x_wconf 77' lang='lat' dir='ltr'>Valentem</span> <span class='ocrx_word' id='word_1_140' title='bbox 1169 584 1209 618; x_wconf 89' lang='lat' dir='ltr'>A.</span> <span class='ocrx_word' id='word_1_141' title='bbox 1230 584 1289 618; x_wconf 81' lang='lat' dir='ltr'>VI.</span> <span class='ocrx_word' id='word_1_142' title='bbox 1305 587 1336 618; x_wconf 70' lang='grc' dir='ltr'>δε</span> <span class='ocrx_word' id='word_1_143' title='bbox 1352 584 1604 620; x_wconf 79' lang='lat' dir='ltr'>Valentinianum</span> <span class='ocrx_word' id='word_1_144' title='bbox 1618 589 1660 625; x_wconf 45' lang='lat' dir='ltr'>A·</span> <span class='ocrx_word' id='word_1_145' title='bbox 1675 591 1715 621; x_wconf 90' lang='lat'>11.</span> 
     </span>
     <span class='ocr_line' id='line_1_12' title="bbox 67 627 1717 682; baseline 0.002 -16"><span class='ocrx_word' id='word_1_146' title='bbox 67 631 155 669; x_wconf 71' lang='lat' dir='ltr'>Coss&#39;.</span> <span class='ocrx_word' id='word_1_147' title='bbox 182 631 239 666; x_wconf 87' lang='lat' dir='ltr'>Sed</span> <span class='ocrx_word' id='word_1_148' title='bbox 249 643 314 678; x_wconf 80' lang='lat' dir='ltr'>quae</span> <span class='ocrx_word' id='word_1_149' title='bbox 325 631 370 665; x_wconf 86' lang='lat' dir='ltr'>his</span> <span class='ocrx_word' id='word_1_150' title='bbox 386 628 571 664; x_wconf 86' lang='lat' dir='ltr'>Consulibus</span> <span class='ocrx_word' id='word_1_151' title='bbox 582 627 668 663; x_wconf 83' lang='lat' dir='ltr'>hisve</span> <span class='ocrx_word' id='word_1_152' title='bbox 679 629 767 662; x_wconf 92' lang='lat' dir='ltr'>annis</span> <span class='ocrx_word' id='word_1_153' title='bbox 778 628 843 662; x_wconf 67' lang='lat' dir='ltr'>aeta</span> <span class='ocrx_word' id='word_1_154' title='bbox 854 627 922 663; x_wconf 88' lang='lat' dir='ltr'>suut</span> <span class='ocrx_word' id='word_1_155' title='bbox 936 651 945 667; x_wconf 89' lang='lat'>‚</span> <span class='ocrx_word' id='word_1_156' title='bbox 974 628 1180 665; x_wconf 72' lang='lat' dir='ltr'>nihilominus</span> <span class='ocrx_word' id='word_1_157' title='bbox 1189 630 1347 678; x_wconf 83' lang='lat' dir='ltr'>exposuit:</span> <span class='ocrx_word' id='word_1_158' title='bbox 1377 633 1452 668; x_wconf 72' lang='lat' dir='ltr'>cum</span> <span class='ocrx_word' id='word_1_159' title='bbox 1463 635 1626 682; x_wconf 86' lang='lat' dir='ltr'>aliquando</span> <span class='ocrx_word' id='word_1_160' title='bbox 1637 635 1717 670; x_wconf 79' lang='lat' dir='ltr'>bella</span> 
     </span>
     <span class='ocr_line' id='line_1_13' title="bbox 64 676 1712 730; baseline 0.002 -14"><span class='ocrx_word' id='word_1_161' title='bbox 64 681 187 716; x_wconf 88' lang='lat' dir='ltr'>duobus</span> <span class='ocrx_word' id='word_1_162' title='bbox 198 680 350 715; x_wconf 88' lang='lat' dir='ltr'>autetiam</span> <span class='ocrx_word' id='word_1_163' title='bbox 364 678 497 727; x_wconf 90' lang='lat' dir='ltr'>pluribus</span> <span class='ocrx_word' id='word_1_164' title='bbox 508 679 594 712; x_wconf 83' lang='lat' dir='ltr'>annis</span> <span class='ocrx_word' id='word_1_165' title='bbox 606 676 690 726; x_wconf 86' lang='lat' dir='ltr'>gesta</span> <span class='ocrx_word' id='word_1_166' title='bbox 703 678 851 712; x_wconf 87' lang='lat' dir='ltr'>continua</span> <span class='ocrx_word' id='word_1_167' title='bbox 871 678 1012 711; x_wconf 85' lang='lat' dir='ltr'>oratione</span> <span class='ocrx_word' id='word_1_168' title='bbox 1031 689 1149 713; x_wconf 88' lang='lat' dir='ltr'>enarret</span> <span class='ocrx_word' id='word_1_169' title='bbox 1166 703 1177 719; x_wconf 83' lang='grc'>,</span> <span class='ocrx_word' id='word_1_170' title='bbox 1205 693 1244 714; x_wconf 87' lang='lat' dir='ltr'>ne</span> <span class='ocrx_word' id='word_1_171' title='bbox 1262 681 1369 717; x_wconf 81' lang='lat' dir='ltr'>seriem</span> <span class='ocrx_word' id='word_1_172' title='bbox 1390 696 1490 718; x_wconf 83' lang='lat' dir='ltr'>rerum</span> <span class='ocrx_word' id='word_1_173' title='bbox 1502 684 1712 730; x_wconf 78' lang='lat' dir='ltr'>interrumpat.</span> 
     </span>
     <span class='ocr_line' id='line_1_14' title="bbox 63 726 1715 779; baseline 0 -13"><span class='ocrx_word' id='word_1_174' title='bbox 63 730 209 777; x_wconf 84' lang='lat' dir='ltr'>Exempli</span> <span class='ocrx_word' id='word_1_175' title='bbox 223 728 328 764; x_wconf 66' lang='lat' dir='ltr'>caussa</span> <span class='ocrx_word' id='word_1_176' title='bbox 341 727 502 762; x_wconf 86' lang='lat' dir='ltr'>transsatos</span> <span class='ocrx_word' id='word_1_177' title='bbox 511 727 542 761; x_wconf 88' lang='lat' dir='ltr'>in</span> <span class='ocrx_word' id='word_1_178' title='bbox 555 727 724 760; x_wconf 76' lang='lat' dir='ltr'>Thraciam</span> <span class='ocrx_word' id='word_1_179' title='bbox 738 726 868 759; x_wconf 88' lang='lat' dir='ltr'>Gothos</span> <span class='ocrx_word' id='word_1_180' title='bbox 880 748 889 764; x_wconf 88' lang='lat'>‚</span> <span class='ocrx_word' id='word_1_181' title='bbox 917 729 948 759; x_wconf 86' lang='lat'>&amp;</span> <span class='ocrx_word' id='word_1_182' title='bbox 963 727 1101 760; x_wconf 90' lang='lat' dir='ltr'>Valentis</span> <span class='ocrx_word' id='word_1_183' title='bbox 1115 731 1156 763; x_wconf 87' lang='lat' dir='ltr'>A.</span> <span class='ocrx_word' id='word_1_184' title='bbox 1170 741 1241 764; x_wconf 88' lang='lat' dir='ltr'>cum</span> <span class='ocrx_word' id='word_1_185' title='bbox 1253 730 1295 764; x_wconf 90' lang='lat' dir='ltr'>eis</span> <span class='ocrx_word' id='word_1_186' title='bbox 1307 744 1441 779; x_wconf 85' lang='lat' dir='ltr'>pugnam</span> <span class='ocrx_word' id='word_1_187' title='bbox 1453 746 1486 767; x_wconf 86' lang='lat' dir='ltr'>ac</span> <span class='ocrx_word' id='word_1_188' title='bbox 1498 743 1633 768; x_wconf 87' lang='lat' dir='ltr'>mortem</span> <span class='ocrx_word' id='word_1_189' title='bbox 1647 732 1715 768; x_wconf 69' lang='lat' dir='ltr'>fuse</span> 
     </span>
     <span class='ocr_line' id='line_1_15' title="bbox 61 773 1716 824; baseline 0.002 -10"><span class='ocrx_word' id='word_1_190' title='bbox 61 780 95 814; x_wconf 89' lang='lat' dir='ltr'>in</span> <span class='ocrx_word' id='word_1_191' title='bbox 105 779 183 814; x_wconf 88' lang='lat' dir='ltr'>libro</span> <span class='ocrx_word' id='word_1_192' title='bbox 194 778 304 814; x_wconf 87' lang='lat' dir='ltr'>ultimo</span> <span class='ocrx_word' id='word_1_193' title='bbox 315 785 566 812; x_wconf 79' lang='lat' dir='ltr'>commemorat:</span> <span class='ocrx_word' id='word_1_194' title='bbox 588 775 694 824; x_wconf 87' lang='lat' dir='ltr'>quibus</span> <span class='ocrx_word' id='word_1_195' title='bbox 705 785 868 823; x_wconf 88' lang='lat' dir='ltr'>utrumque</span> <span class='ocrx_word' id='word_1_196' title='bbox 887 775 974 810; x_wconf 85' lang='lat' dir='ltr'>Cofl.</span> <span class='ocrx_word' id='word_1_197' title='bbox 988 773 1102 811; x_wconf 61' lang='lat' dir='ltr'>fastum</span> <span class='ocrx_word' id='word_1_198' title='bbox 1115 775 1150 810; x_wconf 77' lang='lat' dir='ltr'>sit</span> <span class='ocrx_word' id='word_1_199' title='bbox 1170 801 1180 816; x_wconf 84' lang='lat'>‚</span> <span class='ocrx_word' id='word_1_200' title='bbox 1205 791 1271 813; x_wconf 89' lang='lat' dir='ltr'>non</span> <span class='ocrx_word' id='word_1_201' title='bbox 1292 792 1534 818; x_wconf 74' lang='lat' dir='ltr'>commemorat.</span> <span class='ocrx_word' id='word_1_202' title='bbox 1587 783 1646 818; x_wconf 91' lang='lat' dir='ltr'>Vir</span> <span class='ocrx_word' id='word_1_203' title='bbox 1657 782 1716 817; x_wconf 90' lang='lat' dir='ltr'>do-</span> 
     </span>
     <span class='ocr_line' id='line_1_16' title="bbox 62 822 1715 876; baseline -0.001 -14"><span class='ocrx_word' id='word_1_204' title='bbox 62 828 130 863; x_wconf 68' lang='lat' dir='ltr'>Ctus</span> <span class='ocrx_word' id='word_1_205' title='bbox 142 851 151 867; x_wconf 88' lang='lat'>,</span> <span class='ocrx_word' id='word_1_206' title='bbox 179 828 228 876; x_wconf 88' lang='lat' dir='ltr'>qui</span> <span class='ocrx_word' id='word_1_207' title='bbox 249 827 389 862; x_wconf 84' lang='lat' dir='ltr'>codicem</span> <span class='ocrx_word' id='word_1_208' title='bbox 413 825 548 873; x_wconf 84' lang='lat' dir='ltr'>Regium</span> <span class='ocrx_word' id='word_1_209' title='bbox 569 837 660 859; x_wconf 86' lang='lat' dir='ltr'>manu</span> <span class='ocrx_word' id='word_1_210' title='bbox 682 822 729 858; x_wconf 90' lang='lat' dir='ltr'>sua</span> <span class='ocrx_word' id='word_1_211' title='bbox 751 822 905 871; x_wconf 84' lang='lat' dir='ltr'>descripsit</span> <span class='ocrx_word' id='word_1_212' title='bbox 915 846 926 862; x_wconf 90' lang='lat'>‚</span> <span class='ocrx_word' id='word_1_213' title='bbox 954 824 984 857; x_wconf 92' lang='lat' dir='ltr'>in</span> <span class='ocrx_word' id='word_1_214' title='bbox 1006 824 1086 859; x_wconf 88' lang='lat' dir='ltr'>libro</span> <span class='ocrx_word' id='word_1_215' title='bbox 1107 838 1202 863; x_wconf 84' lang='lat' dir='ltr'>xx1v.</span> <span class='ocrx_word' id='word_1_216' title='bbox 1225 828 1295 875; x_wconf 86' lang='lat' dir='ltr'>post</span> <span class='ocrx_word' id='word_1_217' title='bbox 1317 829 1382 864; x_wconf 58' lang='lat' dir='ltr'>haec</span> <span class='ocrx_word' id='word_1_218' title='bbox 1395 832 1486 866; x_wconf 77' lang='lat' dir='ltr'>verba</span> <span class='ocrx_word' id='word_1_219' title='bbox 1499 831 1537 866; x_wconf 83' lang='lat' dir='ltr'>de</span> <span class='ocrx_word' id='word_1_220' title='bbox 1550 831 1715 867; x_wconf 77' lang='lat' dir='ltr'>ArinthaeO</span> 
     </span>
     <span class='ocr_line' id='line_1_17' title="bbox 62 872 1714 928; baseline 0.003 -17"><span class='ocrx_word' id='word_1_221' title='bbox 62 875 168 913; x_wconf 80' lang='lat' dir='ltr'>Persas</span> <span class='ocrx_word' id='word_1_222' title='bbox 180 876 376 924; x_wconf 84' lang='lat' dir='ltr'>persequente</span> <span class='ocrx_word' id='word_1_223' title='bbox 390 898 399 914; x_wconf 90' lang='lat'>‚</span> <span class='ocrx_word' id='word_1_224' title='bbox 426 875 538 909; x_wconf 58' lang='lat' dir='ltr'>latebra</span> <span class='ocrx_word' id='word_1_225' title='bbox 559 884 656 909; x_wconf 80' lang='lat' dir='ltr'>texere</span> <span class='ocrx_word' id='word_1_226' title='bbox 674 874 820 920; x_wconf 78' lang='lat' dir='ltr'>notisfimae</span> <span class='ocrx_word' id='word_1_227' title='bbox 838 895 847 912; x_wconf 92' lang='lat'>‚</span> <span class='ocrx_word' id='word_1_228' title='bbox 873 872 910 907; x_wconf 88' lang='lat' dir='ltr'>ad</span> <span class='ocrx_word' id='word_1_229' title='bbox 932 873 1105 921; x_wconf 77' lang='lat' dir='ltr'>marginem</span> <span class='ocrx_word' id='word_1_230' title='bbox 1128 876 1255 912; x_wconf 75' lang='lat' dir='ltr'>adnotat</span> <span class='ocrx_word' id='word_1_231' title='bbox 1274 878 1410 926; x_wconf 79' lang='lat' dir='ltr'>suspicari</span> <span class='ocrx_word' id='word_1_232' title='bbox 1432 879 1460 915; x_wconf 90' lang='lat' dir='ltr'>se</span> <span class='ocrx_word' id='word_1_233' title='bbox 1470 909 1479 922; x_wconf 93' lang='lat'>‚</span> <span class='ocrx_word' id='word_1_234' title='bbox 1505 881 1634 928; x_wconf 88' lang='lat' dir='ltr'>plurima</span> <span class='ocrx_word' id='word_1_235' title='bbox 1645 881 1714 915; x_wconf 87' lang='lat' dir='ltr'>heic</span> 
     </span>
     <span class='ocr_line' id='line_1_18' title="bbox 61 921 1713 979; baseline 0.003 -19"><span class='ocrx_word' id='word_1_236' title='bbox 61 923 177 961; x_wconf 76' lang='lat' dir='ltr'>deesse:</span> <span class='ocrx_word' id='word_1_237' title='bbox 203 925 249 959; x_wconf 89' lang='lat' dir='ltr'>cui</span> <span class='ocrx_word' id='word_1_238' title='bbox 272 924 459 969; x_wconf 67' lang='lat' dir='ltr'>conjeeturae</span> <span class='ocrx_word' id='word_1_239' title='bbox 480 935 565 958; x_wconf 89' lang='lat' dir='ltr'>meus</span> <span class='ocrx_word' id='word_1_240' title='bbox 585 921 674 957; x_wconf 77' lang='lat' dir='ltr'>frater</span> <span class='ocrx_word' id='word_1_241' title='bbox 697 921 814 957; x_wconf 76' lang='lat' dir='ltr'>merito</span> <span class='ocrx_word' id='word_1_242' title='bbox 833 922 961 958; x_wconf 88' lang='lat' dir='ltr'>accedit.</span> <span class='ocrx_word' id='word_1_243' title='bbox 990 923 1090 958; x_wconf 87' lang='lat' dir='ltr'>Deest</span> <span class='ocrx_word' id='word_1_244' title='bbox 1111 925 1195 959; x_wconf 89' lang='lat' dir='ltr'>enim</span> <span class='ocrx_word' id='word_1_245' title='bbox 1217 934 1271 968; x_wconf 86' lang='lat' dir='ltr'>(ut</span> <span class='ocrx_word' id='word_1_246' title='bbox 1292 928 1352 975; x_wconf 87' lang='lat' dir='ltr'>ipse</span> <span class='ocrx_word' id='word_1_247' title='bbox 1373 929 1570 970; x_wconf 83' lang='lat' dir='ltr'>observavit)</span> <span class='ocrx_word' id='word_1_248' title='bbox 1598 930 1713 979; x_wconf 83' lang='lat' dir='ltr'>legatio</span> 
     </span>
     <span class='ocr_line' id='line_1_19' title="bbox 63 971 1712 1022; baseline 0.005 -16"><span class='ocrx_word' id='word_1_249' title='bbox 63 974 184 1020; x_wconf 79' lang='lat' dir='ltr'>Saporis</span> <span class='ocrx_word' id='word_1_250' title='bbox 196 974 352 1009; x_wconf 84' lang='lat' dir='ltr'>Persarum</span> <span class='ocrx_word' id='word_1_251' title='bbox 365 973 463 1022; x_wconf 87' lang='lat' dir='ltr'>Regis</span> <span class='ocrx_word' id='word_1_252' title='bbox 477 973 512 1007; x_wconf 87' lang='lat' dir='ltr'>ad</span> <span class='ocrx_word' id='word_1_253' title='bbox 523 973 677 1018; x_wconf 87' lang='lat' dir='ltr'>Julianum</span> <span class='ocrx_word' id='word_1_254' title='bbox 692 973 733 1007; x_wconf 89' lang='lat' dir='ltr'>A.</span> <span class='ocrx_word' id='word_1_255' title='bbox 746 971 880 1006; x_wconf 88' lang='lat' dir='ltr'>Libanio</span> <span class='ocrx_word' id='word_1_256' title='bbox 893 975 925 1006; x_wconf 91' lang='lat'>&amp;</span> <span class='ocrx_word' id='word_1_257' title='bbox 947 973 1065 1007; x_wconf 85' lang='lat' dir='ltr'>Socrati</span> <span class='ocrx_word' id='word_1_258' title='bbox 1084 985 1149 1008; x_wconf 89' lang='lat' dir='ltr'>non</span> <span class='ocrx_word' id='word_1_259' title='bbox 1171 975 1284 1012; x_wconf 57' lang='lat' dir='ltr'>inditia</span> <span class='ocrx_word' id='word_1_260' title='bbox 1299 991 1308 1011; x_wconf 93' lang='grc'>.·</span> <span class='ocrx_word' id='word_1_261' title='bbox 1329 977 1411 1012; x_wconf 89' lang='lat' dir='ltr'>deest</span> <span class='ocrx_word' id='word_1_262' title='bbox 1437 980 1543 1014; x_wconf 88' lang='lat' dir='ltr'>relatio</span> <span class='ocrx_word' id='word_1_263' title='bbox 1562 991 1662 1014; x_wconf 88' lang='lat' dir='ltr'>rerum</span> <span class='ocrx_word' id='word_1_264' title='bbox 1675 979 1712 1014; x_wconf 87' lang='lat' dir='ltr'>ab</span> 
     </span>
     <span class='ocr_line' id='line_1_20' title="bbox 61 1019 1712 1076; baseline 0.002 -17"><span class='ocrx_word' id='word_1_265' title='bbox 61 1022 174 1059; x_wconf 79' lang='lat' dir='ltr'>Arsace</span> <span class='ocrx_word' id='word_1_266' title='bbox 186 1024 275 1071; x_wconf 87' lang='lat' dir='ltr'>Rege</span> <span class='ocrx_word' id='word_1_267' title='bbox 288 1023 444 1058; x_wconf 83' lang='lat' dir='ltr'>Armeniae</span> <span class='ocrx_word' id='word_1_268' title='bbox 456 1025 489 1056; x_wconf 92' lang='lat'>&amp;</span> <span class='ocrx_word' id='word_1_269' title='bbox 501 1021 516 1055; x_wconf 73' lang='grc' dir='ltr'>ὲ</span> <span class='ocrx_word' id='word_1_270' title='bbox 530 1022 688 1068; x_wconf 88' lang='lat' dir='ltr'>Procopio</span> <span class='ocrx_word' id='word_1_271' title='bbox 701 1033 735 1055; x_wconf 88' lang='lat' dir='ltr'>ac</span> <span class='ocrx_word' id='word_1_272' title='bbox 749 1019 925 1056; x_wconf 87' lang='lat' dir='ltr'>Sebastiano</span> <span class='ocrx_word' id='word_1_273' title='bbox 937 1021 967 1055; x_wconf 91' lang='lat' dir='ltr'>in</span> <span class='ocrx_word' id='word_1_274' title='bbox 982 1020 1208 1068; x_wconf 83' lang='lat' dir='ltr'>Mesopotamia</span> <span class='ocrx_word' id='word_1_275' title='bbox 1219 1024 1384 1073; x_wconf 73' lang='lat' dir='ltr'>gestarum3</span> <span class='ocrx_word' id='word_1_276' title='bbox 1396 1031 1427 1062; x_wconf 61' lang='grc' dir='ltr'>δέ</span> <span class='ocrx_word' id='word_1_277' title='bbox 1438 1041 1505 1076; x_wconf 74' lang='lat' dir='ltr'>quae</span> <span class='ocrx_word' id='word_1_278' title='bbox 1515 1027 1604 1063; x_wconf 88' lang='lat' dir='ltr'>fuerit</span> <span class='ocrx_word' id='word_1_279' title='bbox 1615 1027 1712 1067; x_wconf 75' lang='lat' dir='ltr'>causa,</span> 
     </span>
     <span class='ocr_line' id='line_1_21' title="bbox 59 1069 1712 1124; baseline 0.002 -17"><span class='ocrx_word' id='word_1_280' title='bbox 59 1084 151 1121; x_wconf 78' lang='lat' dir='ltr'>quare</span> <span class='ocrx_word' id='word_1_281' title='bbox 161 1072 281 1116; x_wconf 71' lang='lat' dir='ltr'>juliano</span> <span class='ocrx_word' id='word_1_282' title='bbox 292 1071 324 1106; x_wconf 85' lang='lat' dir='ltr'>in</span> <span class='ocrx_word' id='word_1_283' title='bbox 338 1070 455 1119; x_wconf 70' lang='lat' dir='ltr'>Assyria</span> <span class='ocrx_word' id='word_1_284' title='bbox 468 1070 606 1110; x_wconf 88' lang='lat' dir='ltr'>Arsaces,</span> <span class='ocrx_word' id='word_1_285' title='bbox 619 1070 791 1118; x_wconf 87' lang='lat' dir='ltr'>Procopius</span> <span class='ocrx_word' id='word_1_286' title='bbox 804 1082 836 1104; x_wconf 89' lang='lat' dir='ltr'>ac</span> <span class='ocrx_word' id='word_1_287' title='bbox 850 1069 1055 1110; x_wconf 84' lang='lat' dir='ltr'>Sebastianus,</span> <span class='ocrx_word' id='word_1_288' title='bbox 1071 1070 1143 1106; x_wconf 83' lang='lat' dir='ltr'>licut</span> <span class='ocrx_word' id='word_1_289' title='bbox 1157 1072 1222 1116; x_wconf 76' lang='lat' dir='ltr'>juffi</span> <span class='ocrx_word' id='word_1_290' title='bbox 1233 1086 1330 1113; x_wconf 85' lang='lat' dir='ltr'>crant,</span> <span class='ocrx_word' id='word_1_291' title='bbox 1344 1089 1413 1111; x_wconf 90' lang='lat' dir='ltr'>cum</span> <span class='ocrx_word' id='word_1_292' title='bbox 1427 1077 1481 1111; x_wconf 86' lang='lat' dir='ltr'>suis</span> <span class='ocrx_word' id='word_1_293' title='bbox 1493 1077 1591 1124; x_wconf 87' lang='lat' dir='ltr'>copiis</span> <span class='ocrx_word' id='word_1_294' title='bbox 1601 1089 1712 1111; x_wconf 91' lang='lat' dir='ltr'>occur-</span> 
     </span>
     <span class='ocr_line' id='line_1_22' title="bbox 59 1119 1714 1171; baseline 0.002 -15"><span class='ocrx_word' id='word_1_295' title='bbox 59 1133 124 1156; x_wconf 89' lang='lat' dir='ltr'>rere</span> <span class='ocrx_word' id='word_1_296' title='bbox 133 1133 198 1155; x_wconf 89' lang='lat' dir='ltr'>non</span> <span class='ocrx_word' id='word_1_297' title='bbox 214 1121 387 1166; x_wconf 85' lang='lat' dir='ltr'>potuerint:</span> <span class='ocrx_word' id='word_1_298' title='bbox 415 1121 499 1165; x_wconf 84' lang='lat' dir='ltr'>cujus</span> <span class='ocrx_word' id='word_1_299' title='bbox 511 1120 551 1154; x_wconf 90' lang='lat' dir='ltr'>rei</span> <span class='ocrx_word' id='word_1_300' title='bbox 565 1120 663 1164; x_wconf 75' lang='lat' dir='ltr'>causas</span> <span class='ocrx_word' id='word_1_301' title='bbox 675 1119 690 1153; x_wconf 66' lang='grc' dir='ltr'><strong>ἆ</strong></span> <span class='ocrx_word' id='word_1_302' title='bbox 701 1119 905 1165; x_wconf 61' lang='lat' dir='ltr'>stpraedrdas,</span> <span class='ocrx_word' id='word_1_303' title='bbox 929 1121 1033 1168; x_wconf 87' lang='lat' dir='ltr'>paullo</span> <span class='ocrx_word' id='word_1_304' title='bbox 1052 1119 1130 1155; x_wconf 65' lang='lat' dir='ltr'>infra</span> <span class='ocrx_word' id='word_1_305' title='bbox 1151 1121 1279 1169; x_wconf 82' lang='lat' dir='ltr'>ipsemet</span> <span class='ocrx_word' id='word_1_306' title='bbox 1302 1126 1488 1160; x_wconf 85' lang='lat' dir='ltr'>Ammianus</span> <span class='ocrx_word' id='word_1_307' title='bbox 1500 1126 1529 1160; x_wconf 89' lang='lat' dir='ltr'>in</span> <span class='ocrx_word' id='word_1_308' title='bbox 1542 1124 1604 1160; x_wconf 86' lang='lat' dir='ltr'>fine</span> <span class='ocrx_word' id='word_1_309' title='bbox 1613 1124 1714 1171; x_wconf 88' lang='lat' dir='ltr'>ejusce</span> 
     </span>
     <span class='ocr_line' id='line_1_23' title="bbox 58 1167 1713 1223; baseline 0.003 -18"><span class='ocrx_word' id='word_1_310' title='bbox 58 1170 125 1205; x_wconf 88' lang='lat' dir='ltr'>libri</span> <span class='ocrx_word' id='word_1_311' title='bbox 139 1169 281 1217; x_wconf 85' lang='lat' dir='ltr'>prodidit.</span> <span class='ocrx_word' id='word_1_312' title='bbox 308 1168 506 1204; x_wconf 79' lang='lat' dir='ltr'>Desideratur</span> <span class='ocrx_word' id='word_1_313' title='bbox 518 1169 548 1202; x_wconf 91' lang='lat' dir='ltr'>in</span> <span class='ocrx_word' id='word_1_314' title='bbox 562 1168 670 1204; x_wconf 87' lang='lat' dir='ltr'>eadem</span> <span class='ocrx_word' id='word_1_315' title='bbox 682 1170 790 1203; x_wconf 85' lang='lat' dir='ltr'>lacuna</span> <span class='ocrx_word' id='word_1_316' title='bbox 804 1172 835 1203; x_wconf 88' lang='lat'>&amp;</span> <span class='ocrx_word' id='word_1_317' title='bbox 847 1168 936 1204; x_wconf 89' lang='lat' dir='ltr'>dolus</span> <span class='ocrx_word' id='word_1_318' title='bbox 947 1167 1171 1218; x_wconf 84' lang='lat' dir='ltr'>transfugarum</span> <span class='ocrx_word' id='word_1_319' title='bbox 1185 1171 1339 1208; x_wconf 78' lang='lat' dir='ltr'>Persarum</span> <span class='ocrx_word' id='word_1_320' title='bbox 1361 1197 1370 1213; x_wconf 82' lang='lat'>,</span> <span class='ocrx_word' id='word_1_321' title='bbox 1398 1187 1528 1223; x_wconf 85' lang='lat' dir='ltr'>quorum</span> <span class='ocrx_word' id='word_1_322' title='bbox 1549 1173 1650 1210; x_wconf 85' lang='lat' dir='ltr'>fraude</span> <span class='ocrx_word' id='word_1_323' title='bbox 1660 1174 1713 1210; x_wconf 87' lang='lat' dir='ltr'>de-</span> 
     </span>
     <span class='ocr_line' id='line_1_24' title="bbox 58 1216 1711 1271; baseline 0.002 -17"><span class='ocrx_word' id='word_1_324' title='bbox 58 1228 165 1266; x_wconf 85' lang='lat' dir='ltr'>ceptus</span> <span class='ocrx_word' id='word_1_325' title='bbox 176 1219 310 1264; x_wconf 82' lang='lat' dir='ltr'>Julianus</span> <span class='ocrx_word' id='word_1_326' title='bbox 321 1217 403 1254; x_wconf 88' lang='lat' dir='ltr'>suam</span> <span class='ocrx_word' id='word_1_327' title='bbox 415 1216 707 1254; x_wconf 78' lang='lat' dir='ltr'>classemincendit:</span> <span class='ocrx_word' id='word_1_328' title='bbox 732 1231 810 1266; x_wconf 89' lang='lat' dir='ltr'>quos</span> <span class='ocrx_word' id='word_1_329' title='bbox 821 1217 936 1254; x_wconf 88' lang='lat' dir='ltr'>ibidem</span> <span class='ocrx_word' id='word_1_330' title='bbox 947 1216 1122 1253; x_wconf 89' lang='lat' dir='ltr'>Historicus</span> <span class='ocrx_word' id='word_1_331' title='bbox 1143 1220 1280 1267; x_wconf 80' lang='lat' dir='ltr'>infaustos</span> <span class='ocrx_word' id='word_1_332' title='bbox 1301 1225 1427 1258; x_wconf 61' lang='lat' dir='ltr'>duffiores</span> <span class='ocrx_word' id='word_1_333' title='bbox 1447 1224 1599 1271; x_wconf 87' lang='lat' dir='ltr'>appellat,</span> <span class='ocrx_word' id='word_1_334' title='bbox 1625 1226 1658 1257; x_wconf 86' lang='lat'>&amp;</span> <span class='ocrx_word' id='word_1_335' title='bbox 1678 1224 1711 1258; x_wconf 90' lang='lat' dir='ltr'>in</span> 
     </span>
     <span class='ocr_line' id='line_1_25' title="bbox 59 1265 1713 1318; baseline 0.002 -15"><span class='ocrx_word' id='word_1_336' title='bbox 59 1267 223 1303; x_wconf 86' lang='lat' dir='ltr'>tormentis</span> <span class='ocrx_word' id='word_1_337' title='bbox 234 1265 370 1304; x_wconf 84' lang='lat' dir='ltr'>fraudem</span> <span class='ocrx_word' id='word_1_338' title='bbox 381 1265 531 1302; x_wconf 77' lang='lat' dir='ltr'>confessos</span> <span class='ocrx_word' id='word_1_339' title='bbox 543 1266 602 1302; x_wconf 83' lang='lat' dir='ltr'>esse</span> <span class='ocrx_word' id='word_1_340' title='bbox 612 1266 712 1303; x_wconf 86' lang='lat' dir='ltr'>tradit.</span> <span class='ocrx_word' id='word_1_341' title='bbox 764 1267 820 1301; x_wconf 90' lang='lat' dir='ltr'>Sed</span> <span class='ocrx_word' id='word_1_342' title='bbox 835 1266 904 1315; x_wconf 91' lang='lat' dir='ltr'>post</span> <span class='ocrx_word' id='word_1_343' title='bbox 915 1267 1034 1303; x_wconf 90' lang='lat' dir='ltr'>obitum</span> <span class='ocrx_word' id='word_1_344' title='bbox 1056 1269 1266 1304; x_wconf 83' lang='lat' dir='ltr'>Valentiniani</span> <span class='ocrx_word' id='word_1_345' title='bbox 1288 1274 1329 1307; x_wconf 89' lang='lat' dir='ltr'>A.</span> <span class='ocrx_word' id='word_1_346' title='bbox 1351 1274 1402 1318; x_wconf 88' lang='lat' dir='ltr'>qui</span> <span class='ocrx_word' id='word_1_347' title='bbox 1414 1273 1491 1306; x_wconf 91' lang='lat' dir='ltr'>libro</span> <span class='ocrx_word' id='word_1_348' title='bbox 1505 1286 1578 1310; x_wconf 88' lang='lat' dir='ltr'>xxx.</span> <span class='ocrx_word' id='word_1_349' title='bbox 1590 1284 1713 1307; x_wconf 84' lang='lat' dir='ltr'>enarra-</span> 
     </span>
     <span class='ocr_line' id='line_1_26' title="bbox 59 1315 1710 1368; baseline 0.001 -16"><span class='ocrx_word' id='word_1_350' title='bbox 59 1327 106 1353; x_wconf 85' lang='lat' dir='ltr'>tur</span> <span class='ocrx_word' id='word_1_351' title='bbox 119 1343 127 1357; x_wconf 91' lang='lat'>,</span> <span class='ocrx_word' id='word_1_352' title='bbox 150 1317 278 1364; x_wconf 88' lang='lat' dir='ltr'>plurima</span> <span class='ocrx_word' id='word_1_353' title='bbox 288 1329 382 1366; x_wconf 87' lang='lat' dir='ltr'>eaque</span> <span class='ocrx_word' id='word_1_354' title='bbox 393 1316 528 1351; x_wconf 85' lang='lat' dir='ltr'>maxima</span> <span class='ocrx_word' id='word_1_355' title='bbox 538 1329 572 1351; x_wconf 89' lang='lat' dir='ltr'>ac</span> <span class='ocrx_word' id='word_1_356' title='bbox 584 1316 737 1352; x_wconf 66' lang='lat' dir='ltr'>memoria</span> <span class='ocrx_word' id='word_1_357' title='bbox 748 1315 922 1364; x_wconf 81' lang='lat' dir='ltr'>digniffima</span> <span class='ocrx_word' id='word_1_358' title='bbox 934 1317 964 1350; x_wconf 91' lang='lat' dir='ltr'>in</span> <span class='ocrx_word' id='word_1_359' title='bbox 977 1316 1114 1351; x_wconf 88' lang='lat' dir='ltr'>Historia</span> <span class='ocrx_word' id='word_1_360' title='bbox 1128 1319 1289 1353; x_wconf 87' lang='lat' dir='ltr'>Ammiani</span> <span class='ocrx_word' id='word_1_361' title='bbox 1301 1320 1436 1355; x_wconf 81' lang='lat' dir='ltr'>desidero</span> <span class='ocrx_word' id='word_1_362' title='bbox 1456 1343 1466 1358; x_wconf 89' lang='lat'><strong>‚</strong></span> <span class='ocrx_word' id='word_1_363' title='bbox 1494 1334 1560 1368; x_wconf 84' lang='lat' dir='ltr'>quae</span> <span class='ocrx_word' id='word_1_364' title='bbox 1579 1320 1710 1368; x_wconf 88' lang='lat' dir='ltr'>scriptor</span> 
     </span>
     <span class='ocr_line' id='line_1_27' title="bbox 58 1363 1709 1416; baseline 0.001 -16"><span class='ocrx_word' id='word_1_365' title='bbox 58 1366 189 1414; x_wconf 85' lang='lat' dir='ltr'>diligens</span> <span class='ocrx_word' id='word_1_366' title='bbox 214 1366 304 1414; x_wconf 77' lang='lat' dir='ltr'>plane</span> <span class='ocrx_word' id='word_1_367' title='bbox 325 1365 443 1402; x_wconf 91' lang='lat' dir='ltr'>videtur</span> <span class='ocrx_word' id='word_1_368' title='bbox 464 1377 523 1399; x_wconf 90' lang='lat' dir='ltr'>nec</span> <span class='ocrx_word' id='word_1_369' title='bbox 541 1366 687 1400; x_wconf 85' lang='lat' dir='ltr'>omittere</span> <span class='ocrx_word' id='word_1_370' title='bbox 699 1363 849 1405; x_wconf 74' lang='lat' dir='ltr'>debuisse,</span> <span class='ocrx_word' id='word_1_371' title='bbox 874 1377 932 1399; x_wconf 92' lang='lat' dir='ltr'>nec</span> <span class='ocrx_word' id='word_1_372' title='bbox 952 1364 1029 1400; x_wconf 73' lang='lat' dir='ltr'>vero</span> <span class='ocrx_word' id='word_1_373' title='bbox 1051 1366 1111 1400; x_wconf 85' lang='lat' dir='ltr'>ulla</span> <span class='ocrx_word' id='word_1_374' title='bbox 1129 1367 1246 1400; x_wconf 83' lang='lat' dir='ltr'>ratione</span> <span class='ocrx_word' id='word_1_375' title='bbox 1267 1367 1425 1402; x_wconf 80' lang='lat' dir='ltr'>omisliirus</span> <span class='ocrx_word' id='word_1_376' title='bbox 1433 1367 1528 1404; x_wconf 82' lang='lat' dir='ltr'>fuiffe.</span> <span class='ocrx_word' id='word_1_377' title='bbox 1586 1368 1709 1416; x_wconf 72' lang='lat' dir='ltr'>Scripsit:</span> 
     </span>
     <span class='ocr_line' id='line_1_28' title="bbox 58 1412 1708 1464; baseline 0.002 -15"><span class='ocrx_word' id='word_1_378' title='bbox 58 1415 181 1461; x_wconf 85' lang='lat' dir='ltr'>quidem</span> <span class='ocrx_word' id='word_1_379' title='bbox 194 1414 380 1449; x_wconf 81' lang='lat' dir='ltr'>Ammianus</span> <span class='ocrx_word' id='word_1_380' title='bbox 391 1414 421 1447; x_wconf 89' lang='lat' dir='ltr'>in</span> <span class='ocrx_word' id='word_1_381' title='bbox 432 1412 495 1447; x_wconf 87' lang='lat' dir='ltr'>fine</span> <span class='ocrx_word' id='word_1_382' title='bbox 504 1413 570 1447; x_wconf 90' lang='lat' dir='ltr'>libri</span> <span class='ocrx_word' id='word_1_383' title='bbox 583 1426 656 1448; x_wconf 85' lang='lat' dir='ltr'>xxx.</span> <span class='ocrx_word' id='word_1_384' title='bbox 669 1413 922 1448; x_wconf 85' lang='lat' dir='ltr'>Valentinianum</span> <span class='ocrx_word' id='word_1_385' title='bbox 934 1413 1088 1457; x_wconf 87' lang='lat' dir='ltr'>juniorem</span> <span class='ocrx_word' id='word_1_386' title='bbox 1101 1424 1165 1447; x_wconf 90' lang='lat' dir='ltr'>tum</span> <span class='ocrx_word' id='word_1_387' title='bbox 1179 1415 1373 1460; x_wconf 84' lang='lat' dir='ltr'>quadrimum</span> <span class='ocrx_word' id='word_1_388' title='bbox 1384 1417 1415 1449; x_wconf 92' lang='lat' dir='ltr'>in</span> <span class='ocrx_word' id='word_1_389' title='bbox 1430 1415 1591 1450; x_wconf 87' lang='lat' dir='ltr'>Pannonia</span> <span class='ocrx_word' id='word_1_390' title='bbox 1602 1438 1612 1455; x_wconf 84' lang='lat'>‚</span> <span class='ocrx_word' id='word_1_391' title='bbox 1634 1416 1708 1464; x_wconf 89' lang='lat' dir='ltr'>post</span> 
     </span>
     <span class='ocr_line' id='line_1_29' title="bbox 59 1460 1709 1513; baseline -0.002 -16"><span class='ocrx_word' id='word_1_392' title='bbox 59 1462 267 1498; x_wconf 88' lang='lat' dir='ltr'>Valentiniani</span> <span class='ocrx_word' id='word_1_393' title='bbox 279 1462 369 1508; x_wconf 83' lang='lat' dir='ltr'>patris</span> <span class='ocrx_word' id='word_1_394' title='bbox 379 1460 419 1495; x_wconf 85' lang='lat' dir='ltr'>sui</span> <span class='ocrx_word' id='word_1_395' title='bbox 429 1462 621 1506; x_wconf 87' lang='lat' dir='ltr'>repentinam</span> <span class='ocrx_word' id='word_1_396' title='bbox 632 1472 769 1496; x_wconf 86' lang='lat' dir='ltr'>mortem</span> <span class='ocrx_word' id='word_1_397' title='bbox 780 1484 791 1499; x_wconf 87' lang='lat'>‚</span> <span class='ocrx_word' id='word_1_398' title='bbox 812 1461 990 1494; x_wconf 83' lang='lat' dir='ltr'>abexercitu</span> <span class='ocrx_word' id='word_1_399' title='bbox 999 1471 1036 1493; x_wconf 77' lang='lat' dir='ltr'>ex</span> <span class='ocrx_word' id='word_1_400' title='bbox 1049 1460 1250 1507; x_wconf 86' lang='lat' dir='ltr'>Optimatum</span> <span class='ocrx_word' id='word_1_401' title='bbox 1270 1462 1417 1498; x_wconf 88' lang='lat' dir='ltr'>sententia</span> <span class='ocrx_word' id='word_1_402' title='bbox 1437 1464 1609 1513; x_wconf 85' lang='lat' dir='ltr'>Augustum</span> <span class='ocrx_word' id='word_1_403' title='bbox 1630 1478 1709 1501; x_wconf 80' lang='lat' dir='ltr'>con..</span> 
     </span>
     <span class='ocr_line' id='line_1_30' title="bbox 55 1507 1707 1562; baseline 0.002 -16"><span class='ocrx_word' id='word_1_404' title='bbox 55 1512 213 1546; x_wconf 85' lang='lat' dir='ltr'>salutatum</span> <span class='ocrx_word' id='word_1_405' title='bbox 227 1507 296 1545; x_wconf 79' lang='lat' dir='ltr'>esse.</span> <span class='ocrx_word' id='word_1_406' title='bbox 321 1509 378 1543; x_wconf 87' lang='lat' dir='ltr'>Sed</span> <span class='ocrx_word' id='word_1_407' title='bbox 390 1521 455 1557; x_wconf 87' lang='lat' dir='ltr'>quae</span> <span class='ocrx_word' id='word_1_408' title='bbox 467 1507 566 1543; x_wconf 84' lang='lat' dir='ltr'>secuta</span> <span class='ocrx_word' id='word_1_409' title='bbox 580 1509 648 1542; x_wconf 88' lang='lat' dir='ltr'>sunt</span> <span class='ocrx_word' id='word_1_410' title='bbox 659 1537 668 1549; x_wconf 92' lang='lat'><em>‚</em></span> <span class='ocrx_word' id='word_1_411' title='bbox 697 1509 775 1556; x_wconf 82' lang='lat' dir='ltr'>apud</span> <span class='ocrx_word' id='word_1_412' title='bbox 797 1508 1003 1542; x_wconf 81' lang='lat' dir='ltr'>Ammianum</span> <span class='ocrx_word' id='word_1_413' title='bbox 1016 1510 1138 1555; x_wconf 85' lang='lat' dir='ltr'>qualem</span> <span class='ocrx_word' id='word_1_414' title='bbox 1159 1522 1240 1544; x_wconf 87' lang='lat' dir='ltr'>nunc</span> <span class='ocrx_word' id='word_1_415' title='bbox 1262 1511 1410 1548; x_wconf 88' lang='lat' dir='ltr'>habemus</span> <span class='ocrx_word' id='word_1_416' title='bbox 1421 1535 1431 1552; x_wconf 87' lang='lat'>‚</span> <span class='ocrx_word' id='word_1_417' title='bbox 1454 1511 1600 1561; x_wconf 87' lang='lat' dir='ltr'>nusquam</span> <span class='ocrx_word' id='word_1_418' title='bbox 1619 1526 1707 1562; x_wconf 87' lang='lat' dir='ltr'>repe-</span> 
     </span>
     <span class='ocr_line' id='line_1_31' title="bbox 55 1556 1705 1608; baseline 0.002 -13"><span class='ocrx_word' id='word_1_419' title='bbox 55 1561 189 1595; x_wconf 83' lang='lat' dir='ltr'>riuntur:</span> <span class='ocrx_word' id='word_1_420' title='bbox 212 1557 352 1594; x_wconf 84' lang='lat' dir='ltr'>videlicet</span> <span class='ocrx_word' id='word_1_421' title='bbox 373 1557 537 1606; x_wconf 83' lang='lat' dir='ltr'>quomodo</span> <span class='ocrx_word' id='word_1_422' title='bbox 560 1557 723 1592; x_wconf 83' lang='lat' dir='ltr'>Gratianus</span> <span class='ocrx_word' id='word_1_423' title='bbox 743 1560 786 1593; x_wconf 87' lang='lat' dir='ltr'>A.</span> <span class='ocrx_word' id='word_1_424' title='bbox 809 1556 978 1603; x_wconf 83' lang='lat' dir='ltr'>Imperium</span> <span class='ocrx_word' id='word_1_425' title='bbox 1001 1558 1222 1594; x_wconf 80' lang='lat' dir='ltr'>Valentiniano</span> <span class='ocrx_word' id='word_1_426' title='bbox 1241 1558 1321 1595; x_wconf 86' lang='lat' dir='ltr'>fratri</span> <span class='ocrx_word' id='word_1_427' title='bbox 1344 1563 1373 1597; x_wconf 85' lang='lat' dir='ltr'>se</span> <span class='ocrx_word' id='word_1_428' title='bbox 1388 1561 1536 1597; x_wconf 79' lang='lat' dir='ltr'>insciente</span> <span class='ocrx_word' id='word_1_429' title='bbox 1545 1562 1678 1598; x_wconf 90' lang='lat' dir='ltr'>delatum</span> <span class='ocrx_word' id='word_1_430' title='bbox 1692 1590 1705 1608; x_wconf 83' lang='lat'>,</span> 
     </span>
     <span class='ocr_line' id='line_1_32' title="bbox 55 1603 1704 1656; baseline 0.002 -13"><span class='ocrx_word' id='word_1_431' title='bbox 55 1620 126 1643; x_wconf 86' lang='lat' dir='ltr'>cum</span> <span class='ocrx_word' id='word_1_432' title='bbox 141 1607 274 1643; x_wconf 87' lang='lat' dir='ltr'>Valente</span> <span class='ocrx_word' id='word_1_433' title='bbox 285 1618 391 1655; x_wconf 85' lang='lat' dir='ltr'>patruo</span> <span class='ocrx_word' id='word_1_434' title='bbox 405 1606 453 1641; x_wconf 91' lang='lat' dir='ltr'>sua</span> <span class='ocrx_word' id='word_1_435' title='bbox 464 1606 643 1641; x_wconf 62' lang='lat' dir='ltr'>austeritate</span> <span class='ocrx_word' id='word_1_436' title='bbox 656 1604 907 1642; x_wconf 85' lang='lat' dir='ltr'>confirmaverit:</span> <span class='ocrx_word' id='word_1_437' title='bbox 933 1603 1035 1653; x_wconf 52' lang='lat' dir='ltr'>qui&amp;</span> <span class='ocrx_word' id='word_1_438' title='bbox 1046 1607 1170 1655; x_wconf 85' lang='lat' dir='ltr'>quando</span> <span class='ocrx_word' id='word_1_439' title='bbox 1182 1610 1351 1656; x_wconf 89' lang='lat' dir='ltr'>Imperium</span> <span class='ocrx_word' id='word_1_440' title='bbox 1364 1613 1547 1647; x_wconf 89' lang='lat' dir='ltr'>Romanum</span> <span class='ocrx_word' id='word_1_441' title='bbox 1559 1612 1589 1646; x_wconf 93' lang='lat' dir='ltr'>in</span> <span class='ocrx_word' id='word_1_442' title='bbox 1604 1613 1704 1647; x_wconf 47' lang='lat' dir='ltr'>Occi*</span> 
     </span>
     <span class='ocr_line' id='line_1_33' title="bbox 52 1653 1703 1709; baseline 0.004 -19"><span class='ocrx_word' id='word_1_443' title='bbox 52 1656 152 1693; x_wconf 88' lang='lat' dir='ltr'>dentis</span> <span class='ocrx_word' id='word_1_444' title='bbox 165 1656 299 1703; x_wconf 87' lang='lat' dir='ltr'>partibus</span> <span class='ocrx_word' id='word_1_445' title='bbox 309 1679 319 1695; x_wconf 84' lang='lat'><em>‚</em></span> <span class='ocrx_word' id='word_1_446' title='bbox 340 1657 375 1692; x_wconf 74' lang='grc' dir='ltr'>ὃ(</span> <span class='ocrx_word' id='word_1_447' title='bbox 388 1656 534 1690; x_wconf 87' lang='lat' dir='ltr'>Comites</span> <span class='ocrx_word' id='word_1_448' title='bbox 550 1667 582 1690; x_wconf 86' lang='lat' dir='ltr'>ac</span> <span class='ocrx_word' id='word_1_449' title='bbox 596 1668 743 1691; x_wconf 85' lang='lat' dir='ltr'>numeros</span> <span class='ocrx_word' id='word_1_450' title='bbox 755 1655 899 1690; x_wconf 86' lang='lat' dir='ltr'>militares</span> <span class='ocrx_word' id='word_1_451' title='bbox 912 1667 981 1690; x_wconf 88' lang='lat' dir='ltr'>cum</span> <span class='ocrx_word' id='word_1_452' title='bbox 994 1653 1085 1690; x_wconf 83' lang='lat' dir='ltr'>fratre</span> <span class='ocrx_word' id='word_1_453' title='bbox 1096 1657 1221 1703; x_wconf 82' lang='lat' dir='ltr'>partitus.</span> <span class='ocrx_word' id='word_1_454' title='bbox 1233 1657 1287 1700; x_wconf 86' lang='lat' dir='ltr'>sit;</span> <span class='ocrx_word' id='word_1_455' title='bbox 1308 1663 1341 1694; x_wconf 90' lang='lat'>&amp;</span> <span class='ocrx_word' id='word_1_456' title='bbox 1365 1660 1483 1696; x_wconf 79' lang='lat' dir='ltr'>Gallias</span> <span class='ocrx_word' id='word_1_457' title='bbox 1495 1683 1504 1699; x_wconf 87' lang='lat'>‚</span> <span class='ocrx_word' id='word_1_458' title='bbox 1518 1660 1681 1709; x_wconf 82' lang='lat' dir='ltr'>Hispanias</span> <span class='ocrx_word' id='word_1_459' title='bbox 1691 1690 1703 1702; x_wconf 90' lang='lat'>,</span> 
     </span>
     <span class='ocr_line' id='line_1_34' title="bbox 53 1703 1702 1758; baseline 0.003 -17"><span class='ocrx_word' id='word_1_460' title='bbox 53 1718 90 1741; x_wconf 84' lang='lat' dir='ltr'>ac</span> <span class='ocrx_word' id='word_1_461' title='bbox 101 1705 271 1740; x_wconf 84' lang='lat' dir='ltr'>Britannias</span> <span class='ocrx_word' id='word_1_462' title='bbox 284 1704 336 1739; x_wconf 84' lang='lat' dir='ltr'>sibi</span> <span class='ocrx_word' id='word_1_463' title='bbox 347 1704 521 1742; x_wconf 85' lang='lat' dir='ltr'>retinuerit,</span> <span class='ocrx_word' id='word_1_464' title='bbox 548 1704 669 1740; x_wconf 84' lang='lat' dir='ltr'>Italiam</span> <span class='ocrx_word' id='word_1_465' title='bbox 681 1708 713 1739; x_wconf 89' lang='lat'>&amp;</span> <span class='ocrx_word' id='word_1_466' title='bbox 729 1703 866 1740; x_wconf 86' lang='lat' dir='ltr'>Africam</span> <span class='ocrx_word' id='word_1_467' title='bbox 888 1716 958 1738; x_wconf 90' lang='lat' dir='ltr'>cum</span> <span class='ocrx_word' id='word_1_468' title='bbox 971 1715 1056 1751; x_wconf 87' lang='lat' dir='ltr'>parte</span> <span class='ocrx_word' id='word_1_469' title='bbox 1067 1706 1179 1752; x_wconf 93' lang='lat' dir='ltr'>Illyrici</span> <span class='ocrx_word' id='word_1_470' title='bbox 1192 1707 1407 1745; x_wconf 85' lang='lat' dir='ltr'>Occidentalis</span> <span class='ocrx_word' id='word_1_471' title='bbox 1428 1733 1438 1749; x_wconf 89' lang='lat'>‚</span> <span class='ocrx_word' id='word_1_472' title='bbox 1465 1713 1496 1744; x_wconf 92' lang='lat'>&amp;</span> <span class='ocrx_word' id='word_1_473' title='bbox 1511 1710 1702 1758; x_wconf 81' lang='lat' dir='ltr'>Frigeridum</span> 
     </span>
     <span class='ocr_line' id='line_1_35' title="bbox 53 1753 1703 1801; baseline 0.003 -11"><span class='ocrx_word' id='word_1_474' title='bbox 53 1755 182 1791; x_wconf 87' lang='lat' dir='ltr'>Ducem</span> <span class='ocrx_word' id='word_1_475' title='bbox 196 1766 230 1788; x_wconf 91' lang='lat' dir='ltr'>ac</span> <span class='ocrx_word' id='word_1_476' title='bbox 243 1753 453 1788; x_wconf 79' lang='lat' dir='ltr'>Sebastianum</span> <span class='ocrx_word' id='word_1_477' title='bbox 474 1754 638 1788; x_wconf 86' lang='lat' dir='ltr'>Comitem</span> <span class='ocrx_word' id='word_1_478' title='bbox 651 1767 711 1801; x_wconf 83' lang='lat' dir='ltr'>prae</span> <span class='ocrx_word' id='word_1_479' title='bbox 722 1754 831 1789; x_wconf 81' lang='lat' dir='ltr'>ceteris</span> <span class='ocrx_word' id='word_1_480' title='bbox 842 1754 869 1800; x_wconf 82' lang='lat' dir='ltr'>ei</span> <span class='ocrx_word' id='word_1_481' title='bbox 882 1753 1067 1788; x_wconf 85' lang='lat' dir='ltr'>attribuerit:</span> <span class='ocrx_word' id='word_1_482' title='bbox 1092 1756 1355 1801; x_wconf 85' lang='lat' dir='ltr'>quemadmodum</span> <span class='ocrx_word' id='word_1_483' title='bbox 1377 1771 1580 1794; x_wconf 89' lang='lat' dir='ltr'>communem</span> <span class='ocrx_word' id='word_1_484' title='bbox 1593 1759 1703 1794; x_wconf 89' lang='lat' dir='ltr'>ambo-</span> 
     </span>
     <span class='ocr_line' id='line_1_36' title="bbox 54 1801 1703 1854; baseline 0.004 -18"><span class='ocrx_word' id='word_1_485' title='bbox 54 1815 122 1839; x_wconf 77' lang='lat' dir='ltr'>rum</span> <span class='ocrx_word' id='word_1_486' title='bbox 137 1812 253 1849; x_wconf 85' lang='lat' dir='ltr'>patrem</span> <span class='ocrx_word' id='word_1_487' title='bbox 264 1802 515 1838; x_wconf 85' lang='lat' dir='ltr'>Valentinianum</span> <span class='ocrx_word' id='word_1_488' title='bbox 529 1815 600 1837; x_wconf 89' lang='lat' dir='ltr'>cum</span> <span class='ocrx_word' id='word_1_489' title='bbox 610 1804 746 1838; x_wconf 88' lang='lat' dir='ltr'>Valente</span> <span class='ocrx_word' id='word_1_490' title='bbox 756 1801 846 1838; x_wconf 90' lang='lat' dir='ltr'>fratre</span> <span class='ocrx_word' id='word_1_491' title='bbox 857 1802 975 1851; x_wconf 82' lang='lat' dir='ltr'>collega</span> <span class='ocrx_word' id='word_1_492' title='bbox 995 1802 1049 1837; x_wconf 93' lang='lat' dir='ltr'>suo</span> <span class='ocrx_word' id='word_1_493' title='bbox 1068 1804 1161 1838; x_wconf 88' lang='lat' dir='ltr'>totius</span> <span class='ocrx_word' id='word_1_494' title='bbox 1182 1805 1265 1840; x_wconf 88' lang='lat' dir='ltr'>orbis</span> <span class='ocrx_word' id='word_1_495' title='bbox 1285 1807 1426 1842; x_wconf 88' lang='lat' dir='ltr'>Romani</span> <span class='ocrx_word' id='word_1_496' title='bbox 1445 1807 1618 1854; x_wconf 88' lang='lat' dir='ltr'>provincias</span> <span class='ocrx_word' id='word_1_497' title='bbox 1629 1832 1639 1847; x_wconf 91' lang='lat'>,</span> <span class='ocrx_word' id='word_1_498' title='bbox 1660 1809 1703 1843; x_wconf 89' lang='lat' dir='ltr'>le-</span> 
     </span>
     <span class='ocr_line' id='line_1_37' title="bbox 54 1850 1700 1902; baseline 0.003 -16"><span class='ocrx_word' id='word_1_499' title='bbox 54 1853 164 1902; x_wconf 79' lang='lat' dir='ltr'>giones</span> <span class='ocrx_word' id='word_1_500' title='bbox 171 1862 294 1898; x_wconf 87' lang='lat' dir='ltr'>quoque</span> <span class='ocrx_word' id='word_1_501' title='bbox 304 1878 314 1892; x_wconf 84' lang='lat'><em>,</em></span> <span class='ocrx_word' id='word_1_502' title='bbox 342 1863 376 1885; x_wconf 84' lang='lat' dir='ltr'>ac</span> <span class='ocrx_word' id='word_1_503' title='bbox 389 1851 534 1885; x_wconf 89' lang='lat' dir='ltr'>Comites</span> <span class='ocrx_word' id='word_1_504' title='bbox 543 1850 593 1886; x_wconf 92' lang='lat' dir='ltr'>seu</span> <span class='ocrx_word' id='word_1_505' title='bbox 605 1851 770 1901; x_wconf 85' lang='lat' dir='ltr'>Magistros</span> <span class='ocrx_word' id='word_1_506' title='bbox 790 1852 922 1885; x_wconf 86' lang='lat' dir='ltr'>militum</span> <span class='ocrx_word' id='word_1_507' title='bbox 934 1850 1061 1900; x_wconf 75' lang='lat' dir='ltr'>divisisse</span> <span class='ocrx_word' id='word_1_508' title='bbox 1079 1851 1170 1888; x_wconf 86' lang='lat' dir='ltr'>refert</span> <span class='ocrx_word' id='word_1_509' title='bbox 1190 1855 1419 1892; x_wconf 83' lang='lat' dir='ltr'>Ammianusin</span> <span class='ocrx_word' id='word_1_510' title='bbox 1430 1857 1509 1891; x_wconf 90' lang='lat' dir='ltr'>libro</span> <span class='ocrx_word' id='word_1_511' title='bbox 1521 1869 1618 1893; x_wconf 85' lang='lat' dir='ltr'>xxv1.</span> <span class='ocrx_word' id='word_1_512' title='bbox 1630 1859 1700 1901; x_wconf 86' lang='lat' dir='ltr'>Jam</span> 
     </span>
     <span class='ocr_line' id='line_1_38' title="bbox 56 1898 1700 1953; baseline 0.002 -19"><span class='ocrx_word' id='word_1_513' title='bbox 56 1900 214 1936; x_wconf 83' lang='lat' dir='ltr'>damnatio</span> <span class='ocrx_word' id='word_1_514' title='bbox 226 1912 260 1934; x_wconf 89' lang='lat' dir='ltr'>ac</span> <span class='ocrx_word' id='word_1_515' title='bbox 269 1898 449 1946; x_wconf 86' lang='lat' dir='ltr'>supplicium</span> <span class='ocrx_word' id='word_1_516' title='bbox 461 1900 626 1935; x_wconf 86' lang='lat' dir='ltr'>Maximini</span> <span class='ocrx_word' id='word_1_517' title='bbox 636 1900 775 1936; x_wconf 65' lang='lat' dir='ltr'>Praefefti</span> <span class='ocrx_word' id='word_1_518' title='bbox 788 1900 938 1936; x_wconf 85' lang='lat' dir='ltr'>Praetorio</span> <span class='ocrx_word' id='word_1_519' title='bbox 949 1923 958 1939; x_wconf 91' lang='lat'><em>‚</em></span> <span class='ocrx_word' id='word_1_520' title='bbox 981 1904 1014 1935; x_wconf 73' lang='grc' dir='ltr'>δε</span> <span class='ocrx_word' id='word_1_521' title='bbox 1036 1901 1183 1949; x_wconf 89' lang='lat' dir='ltr'>Simplicii</span> <span class='ocrx_word' id='word_1_522' title='bbox 1205 1916 1240 1939; x_wconf 83' lang='lat' dir='ltr'>ac</span> <span class='ocrx_word' id='word_1_523' title='bbox 1258 1905 1494 1953; x_wconf 82' lang='lat' dir='ltr'>Doryphoriani</span> <span class='ocrx_word' id='word_1_524' title='bbox 1512 1904 1563 1940; x_wconf 86' lang='lat' dir='ltr'>sub</span> <span class='ocrx_word' id='word_1_525' title='bbox 1576 1905 1700 1941; x_wconf 84' lang='lat' dir='ltr'>Gratia·</span> 
     </span>
     <span class='ocr_line' id='line_1_39' title="bbox 55 1947 1702 2001; baseline 0.002 -17"><span class='ocrx_word' id='word_1_526' title='bbox 55 1962 100 1985; x_wconf 90' lang='lat' dir='ltr'>no</span> <span class='ocrx_word' id='word_1_527' title='bbox 111 1971 121 1988; x_wconf 88' lang='lat'>‚</span> <span class='ocrx_word' id='word_1_528' title='bbox 141 1948 220 1996; x_wconf 85' lang='lat' dir='ltr'>apud</span> <span class='ocrx_word' id='word_1_529' title='bbox 234 1948 438 1984; x_wconf 87' lang='lat' dir='ltr'>Ammianum</span> <span class='ocrx_word' id='word_1_530' title='bbox 451 1947 649 1984; x_wconf 86' lang='lat' dir='ltr'>desideratur:</span> <span class='ocrx_word' id='word_1_531' title='bbox 672 1951 710 1985; x_wconf 91' lang='lat' dir='ltr'>de</span> <span class='ocrx_word' id='word_1_532' title='bbox 720 1962 850 1999; x_wconf 89' lang='lat' dir='ltr'>quorum</span> <span class='ocrx_word' id='word_1_533' title='bbox 861 1959 965 1985; x_wconf 87' lang='lat' dir='ltr'>tamen</span> <span class='ocrx_word' id='word_1_534' title='bbox 977 1950 1127 1986; x_wconf 87' lang='lat' dir='ltr'>mortibus</span> <span class='ocrx_word' id='word_1_535' title='bbox 1147 1953 1183 1988; x_wconf 77' lang='grc' dir='ltr'>ὃς</span> <span class='ocrx_word' id='word_1_536' title='bbox 1203 1954 1309 1989; x_wconf 88' lang='lat' dir='ltr'>merita</span> <span class='ocrx_word' id='word_1_537' title='bbox 1323 1968 1418 2001; x_wconf 85' lang='lat' dir='ltr'>poena</span> <span class='ocrx_word' id='word_1_538' title='bbox 1434 1954 1528 2000; x_wconf 82' lang='lat' dir='ltr'>postea</span> <span class='ocrx_word' id='word_1_539' title='bbox 1541 1950 1702 2000; x_wconf 51' lang='lat' dir='ltr'>tempestivi</span> 
     </span>
     <span class='ocr_line' id='line_1_40' title="bbox 53 1997 1698 2051; baseline 0.004 -19"><span class='ocrx_word' id='word_1_540' title='bbox 53 1999 84 2047; x_wconf 78' lang='lat' dir='ltr'>se</span> <span class='ocrx_word' id='word_1_541' title='bbox 96 1999 236 2032; x_wconf 57' lang='lat' dir='ltr'>dissurum</span> <span class='ocrx_word' id='word_1_542' title='bbox 253 1997 284 2031; x_wconf 91' lang='lat' dir='ltr'>in</span> <span class='ocrx_word' id='word_1_543' title='bbox 294 1997 374 2031; x_wconf 90' lang='lat' dir='ltr'>libro</span> <span class='ocrx_word' id='word_1_544' title='bbox 385 2010 444 2033; x_wconf 83' lang='lat' dir='ltr'>xxv</span> <span class='ocrx_word' id='word_1_545' title='bbox 453 2010 465 2031; x_wconf 95' lang='lat'>1</span> <span class='ocrx_word' id='word_1_546' title='bbox 476 2009 488 2032; x_wconf 91' lang='lat'>1</span> <span class='ocrx_word' id='word_1_547' title='bbox 502 2010 529 2034; x_wconf 84' lang='grc' dir='ltr'>ι.</span> <span class='ocrx_word' id='word_1_548' title='bbox 549 1998 719 2046; x_wconf 82' lang='lat' dir='ltr'>pollicetur.</span> <span class='ocrx_word' id='word_1_549' title='bbox 772 1997 967 2034; x_wconf 79' lang='lat' dir='ltr'>Defideratur</span> <span class='ocrx_word' id='word_1_550' title='bbox 977 1999 1055 2047; x_wconf 84' lang='lat' dir='ltr'>apud</span> <span class='ocrx_word' id='word_1_551' title='bbox 1066 2001 1198 2037; x_wconf 85' lang='lat' dir='ltr'>eundem</span> <span class='ocrx_word' id='word_1_552' title='bbox 1208 2016 1293 2038; x_wconf 90' lang='lat' dir='ltr'>mors</span> <span class='ocrx_word' id='word_1_553' title='bbox 1306 2002 1476 2039; x_wconf 83' lang='lat' dir='ltr'>Theodosii</span> <span class='ocrx_word' id='word_1_554' title='bbox 1488 2002 1625 2051; x_wconf 85' lang='lat' dir='ltr'>Magistri</span> <span class='ocrx_word' id='word_1_555' title='bbox 1637 2003 1698 2038; x_wconf 85' lang='lat' dir='ltr'>mi-</span> 
     </span>
     <span class='ocr_line' id='line_1_41' title="bbox 59 2045 1699 2103; baseline 0.003 -21"><span class='ocrx_word' id='word_1_556' title='bbox 59 2047 166 2085; x_wconf 80' lang='lat' dir='ltr'>litum,</span> <span class='ocrx_word' id='word_1_557' title='bbox 194 2045 366 2082; x_wconf 86' lang='lat' dir='ltr'>Theodosii</span> <span class='ocrx_word' id='word_1_558' title='bbox 379 2046 483 2094; x_wconf 89' lang='lat' dir='ltr'>postea</span> <span class='ocrx_word' id='word_1_559' title='bbox 494 2049 693 2096; x_wconf 89' lang='lat' dir='ltr'>Imperatoris</span> <span class='ocrx_word' id='word_1_560' title='bbox 707 2045 798 2097; x_wconf 72' lang='lat' dir='ltr'>pariis</span> <span class='ocrx_word' id='word_1_561' title='bbox 810 2071 820 2088; x_wconf 92' lang='lat'>‚</span> <span class='ocrx_word' id='word_1_562' title='bbox 850 2047 905 2083; x_wconf 91' lang='lat' dir='ltr'>viri</span> <span class='ocrx_word' id='word_1_563' title='bbox 920 2049 1104 2085; x_wconf 88' lang='lat' dir='ltr'>Britannicis</span> <span class='ocrx_word' id='word_1_564' title='bbox 1125 2050 1334 2103; x_wconf 84' lang='lat' dir='ltr'>Africanisque</span> <span class='ocrx_word' id='word_1_565' title='bbox 1354 2052 1490 2095; x_wconf 70' lang='lat' dir='ltr'>vi6toriis</span> <span class='ocrx_word' id='word_1_566' title='bbox 1507 2051 1639 2092; x_wconf 87' lang='lat' dir='ltr'>illustris,</span> <span class='ocrx_word' id='word_1_567' title='bbox 1664 2054 1699 2087; x_wconf 74' lang='grc' dir='ltr'>δε</span> 
     </span>
     <span class='ocr_line' id='line_1_42' title="bbox 58 2095 1702 2151; baseline 0.002 -19"><span class='ocrx_word' id='word_1_568' title='bbox 58 2095 98 2132; x_wconf 83' lang='lat' dir='ltr'>de</span> <span class='ocrx_word' id='word_1_569' title='bbox 109 2095 228 2142; x_wconf 87' lang='lat' dir='ltr'>Repub.</span> <span class='ocrx_word' id='word_1_570' title='bbox 244 2095 367 2144; x_wconf 76' lang='lat' dir='ltr'>optime</span> <span class='ocrx_word' id='word_1_571' title='bbox 377 2096 477 2133; x_wconf 87' lang='lat' dir='ltr'>meriti</span> <span class='ocrx_word' id='word_1_572' title='bbox 488 2119 498 2136; x_wconf 88' lang='lat'>‚</span> <span class='ocrx_word' id='word_1_573' title='bbox 523 2110 558 2132; x_wconf 90' lang='lat' dir='ltr'>ac</span> <span class='ocrx_word' id='word_1_574' title='bbox 568 2099 752 2143; x_wconf 78' lang='lat' dir='ltr'>plurimorum</span> <span class='ocrx_word' id='word_1_575' title='bbox 765 2098 914 2134; x_wconf 80' lang='lat' dir='ltr'>Nobilium</span> <span class='ocrx_word' id='word_1_576' title='bbox 927 2121 938 2138; x_wconf 87' lang='lat'><strong>,</strong></span> <span class='ocrx_word' id='word_1_577' title='bbox 958 2098 1021 2134; x_wconf 82' lang='lat' dir='ltr'>hoe</span> <span class='ocrx_word' id='word_1_578' title='bbox 1040 2097 1084 2134; x_wconf 88' lang='lat' dir='ltr'>est</span> <span class='ocrx_word' id='word_1_579' title='bbox 1105 2102 1308 2142; x_wconf 84' lang='lat' dir='ltr'>Senatorum,</span> <span class='ocrx_word' id='word_1_580' title='bbox 1329 2115 1405 2151; x_wconf 88' lang='lat' dir='ltr'>quos</span> <span class='ocrx_word' id='word_1_581' title='bbox 1424 2097 1482 2136; x_wconf 66' lang='lat' dir='ltr'>una}</span> <span class='ocrx_word' id='word_1_582' title='bbox 1499 2101 1597 2146; x_wconf 68' lang='lat' dir='ltr'>occifiis</span> <span class='ocrx_word' id='word_1_583' title='bbox 1615 2113 1702 2136; x_wconf 84' lang='lat' dir='ltr'>anno</span> 
     </span>
     <span class='ocr_line' id='line_1_43' title="bbox 59 2144 1700 2196; baseline 0.004 -16"><span class='ocrx_word' id='word_1_584' title='bbox 59 2144 197 2180; x_wconf 88' lang='lat' dir='ltr'>Domini</span> <span class='ocrx_word' id='word_1_585' title='bbox 218 2157 306 2183; x_wconf 85' lang='lat' dir='ltr'>cce.</span> <span class='ocrx_word' id='word_1_586' title='bbox 319 2157 425 2183; x_wconf 82' lang='lat' dir='ltr'>Lxxvt</span> <span class='ocrx_word' id='word_1_587' title='bbox 435 2157 465 2183; x_wconf 81' lang='lat'>1.</span> <span class='ocrx_word' id='word_1_588' title='bbox 488 2145 577 2182; x_wconf 88' lang='lat' dir='ltr'>tradit</span> <span class='ocrx_word' id='word_1_589' title='bbox 598 2147 809 2196; x_wconf 89' lang='lat' dir='ltr'>Hieronymus</span> <span class='ocrx_word' id='word_1_590' title='bbox 821 2147 854 2182; x_wconf 90' lang='lat' dir='ltr'>in</span> <span class='ocrx_word' id='word_1_591' title='bbox 867 2146 1041 2186; x_wconf 87' lang='lat' dir='ltr'>Chronico.</span> <span class='ocrx_word' id='word_1_592' title='bbox 1071 2150 1290 2187; x_wconf 88' lang='lat' dir='ltr'>Desiderantur</span> <span class='ocrx_word' id='word_1_593' title='bbox 1302 2155 1334 2187; x_wconf 90' lang='lat'>&amp;</span> <span class='ocrx_word' id='word_1_594' title='bbox 1347 2152 1441 2186; x_wconf 87' lang='lat' dir='ltr'>multa</span> <span class='ocrx_word' id='word_1_595' title='bbox 1452 2149 1506 2185; x_wconf 85' lang='lat' dir='ltr'>alia</span> <span class='ocrx_word' id='word_1_596' title='bbox 1523 2149 1555 2183; x_wconf 88' lang='lat' dir='ltr'>in</span> <span class='ocrx_word' id='word_1_597' title='bbox 1568 2149 1700 2186; x_wconf 89' lang='lat' dir='ltr'>Oriente</span> 
     </span>
     <span class='ocr_line' id='line_1_44' title="bbox 60 2193 1701 2247; baseline 0.003 -18"><span class='ocrx_word' id='word_1_598' title='bbox 60 2196 93 2229; x_wconf 87' lang='lat'>&amp;</span> <span class='ocrx_word' id='word_1_599' title='bbox 105 2193 282 2230; x_wconf 88' lang='lat' dir='ltr'>Occidente</span> <span class='ocrx_word' id='word_1_600' title='bbox 292 2195 379 2231; x_wconf 84' lang='lat' dir='ltr'>domi</span> <span class='ocrx_word' id='word_1_601' title='bbox 395 2194 524 2245; x_wconf 90' lang='lat' dir='ltr'>forisque</span> <span class='ocrx_word' id='word_1_602' title='bbox 534 2195 617 2246; x_wconf 84' lang='lat' dir='ltr'>gesta</span> <span class='ocrx_word' id='word_1_603' title='bbox 626 2207 696 2233; x_wconf 91' lang='lat' dir='ltr'>toto</span> <span class='ocrx_word' id='word_1_604' title='bbox 707 2197 840 2234; x_wconf 85' lang='lat' dir='ltr'>triennio</span> <span class='ocrx_word' id='word_1_605' title='bbox 849 2221 859 2237; x_wconf 93' lang='lat'>‚</span> <span class='ocrx_word' id='word_1_606' title='bbox 887 2198 968 2247; x_wconf 83' lang='lat' dir='ltr'>quod</span> <span class='ocrx_word' id='word_1_607' title='bbox 977 2199 1057 2234; x_wconf 89' lang='lat' dir='ltr'>inter</span> <span class='ocrx_word' id='word_1_608' title='bbox 1069 2200 1276 2236; x_wconf 88' lang='lat' dir='ltr'>Valentiniani</span> <span class='ocrx_word' id='word_1_609' title='bbox 1291 2202 1326 2237; x_wconf 70' lang='grc' dir='ltr'>ὃ(</span> <span class='ocrx_word' id='word_1_610' title='bbox 1336 2198 1477 2237; x_wconf 90' lang='lat' dir='ltr'>Valentis</span> <span class='ocrx_word' id='word_1_611' title='bbox 1496 2207 1632 2234; x_wconf 89' lang='lat' dir='ltr'>mortem</span> <span class='ocrx_word' id='word_1_612' title='bbox 1651 2199 1701 2234; x_wconf 86' lang='lat' dir='ltr'>in-</span> 
     </span>
     <span class='ocr_line' id='line_1_45' title="bbox 59 2242 1700 2298; baseline 0.004 -21"><span class='ocrx_word' id='word_1_613' title='bbox 59 2242 199 2278; x_wconf 84' lang='lat' dir='ltr'>tercessit.</span> <span class='ocrx_word' id='word_1_614' title='bbox 252 2244 467 2281; x_wconf 87' lang='lat' dir='ltr'>Theodosium</span> <span class='ocrx_word' id='word_1_615' title='bbox 479 2246 602 2294; x_wconf 84' lang='lat' dir='ltr'>quidem</span> <span class='ocrx_word' id='word_1_616' title='bbox 616 2247 685 2297; x_wconf 87' lang='lat' dir='ltr'>post</span> <span class='ocrx_word' id='word_1_617' title='bbox 695 2248 886 2284; x_wconf 88' lang='lat' dir='ltr'>Britanniam</span> <span class='ocrx_word' id='word_1_618' title='bbox 898 2249 933 2285; x_wconf 74' lang='lat' dir='ltr'>&lt;Sc</span> <span class='ocrx_word' id='word_1_619' title='bbox 948 2247 1086 2285; x_wconf 77' lang='lat' dir='ltr'>Africam</span> <span class='ocrx_word' id='word_1_620' title='bbox 1098 2250 1236 2298; x_wconf 86' lang='lat' dir='ltr'>Imperio</span> <span class='ocrx_word' id='word_1_621' title='bbox 1248 2251 1350 2286; x_wconf 86' lang='lat' dir='ltr'>Rom.</span> <span class='ocrx_word' id='word_1_622' title='bbox 1374 2247 1524 2284; x_wconf 88' lang='lat' dir='ltr'>restitutas</span> <span class='ocrx_word' id='word_1_623' title='bbox 1534 2270 1544 2286; x_wconf 87' lang='lat'>‚</span> <span class='ocrx_word' id='word_1_624' title='bbox 1567 2246 1614 2283; x_wconf 85' lang='lat' dir='ltr'>sua</span> <span class='ocrx_word' id='word_1_625' title='bbox 1626 2251 1700 2298; x_wconf 86' lang='lat' dir='ltr'>glo-</span> 
     </span>
     <span class='ocr_line' id='line_1_46' title="bbox 57 2291 1703 2351; baseline 0.007 -23"><span class='ocrx_word' id='word_1_626' title='bbox 57 2291 102 2340; x_wconf 66' lang='lat' dir='ltr'>{ia</span> <span class='ocrx_word' id='word_1_627' title='bbox 111 2292 241 2332; x_wconf 84' lang='lat' dir='ltr'>invisum</span> <span class='ocrx_word' id='word_1_628' title='bbox 263 2294 366 2348; x_wconf 62' lang='lat' dir='ltr'>aulicis</span> <span class='ocrx_word' id='word_1_629' title='bbox 378 2294 570 2349; x_wconf 56' lang='lat' dir='ltr'>reddiderat}</span> <span class='ocrx_word' id='word_1_630' title='bbox 592 2295 610 2348; x_wconf 68' lang='grc' dir='ltr'>ξι</span> <span class='ocrx_word' id='word_1_631' title='bbox 627 2297 737 2350; x_wconf 70' lang='lat' dir='ltr'>quibus</span> <span class='ocrx_word' id='word_1_632' title='bbox 751 2298 938 2351; x_wconf 63' lang='lat' dir='ltr'>insimulatus</span> <span class='ocrx_word' id='word_1_633' title='bbox 947 2310 1048 2341; x_wconf 78' lang='lat' dir='ltr'>rerum</span> <span class='ocrx_word' id='word_1_634' title='bbox 1068 2312 1219 2338; x_wconf 75' lang='lat' dir='ltr'>novarum</span> <span class='ocrx_word' id='word_1_635' title='bbox 1238 2298 1315 2349; x_wconf 83' lang='lat' dir='ltr'>apud</span> <span class='ocrx_word' id='word_1_636' title='bbox 1336 2298 1542 2338; x_wconf 77' lang='lat' dir='ltr'>Gratianum&gt;</span> <span class='ocrx_word' id='word_1_637' title='bbox 1568 2309 1603 2333; x_wconf 68' lang='lat' dir='ltr'>ac</span> <span class='ocrx_word' id='word_1_638' title='bbox 1612 2297 1703 2346; x_wconf 75' lang='lat' dir='ltr'>jussus</span> 
     </span>
    </p>
   </div>
  </div>
 </body>
</html>
