2007 2658
250 77 344 124 DE
381 74 1498 135 oooAcRE,THEoDER1<:o,&c.
1619 43 1719 133 717'

71 150 272 207 aliquantis
291 152 435 194 divitiis
457 155 570 207 petiit
591 151 779 192 lsaurIam.
792 151 872 190 .At
894 149 956 188 ubi
988 149 1052 190 ille
1066 149 1228 206 egressus
1246 151 1299 192 est
1312 180 1322 198 ,
1352 164 1445 191 mox
1458 149 1651 191 Basiliscus
1663 155 1730 205 qui

70 212 105 250 ei
117 221 158 249 ut
170 207 316 249 dietum
329 209 379 249 est
392 207 633 248 insidiabatur
645 236 654 251 ‚
684 208 841 260 arripuit
855 207 1073 258 Imperium.
1106 205 1300 246 Basiliscus
1313 210 1515 260 imperavit
1527 221 1649 247 annos
1669 220 1681 246 1
1697 220 1727 246 i.

72 266 189 307 Zeno
202 264 429 305 confortans
448 263 594 302 isauros
606 266 705 302 intra
723 264 958 316 provinciam
971 290 981 304 ‚
1011 259 1151 300 deinde
1164 261 1267 301 mifit
1279 261 1324 301 ad
1337 264 1534 302 civitatem
1547 264 1701 303 Novam
1715 289 1728 307 ‚

71 324 196 375 inqua
208 332 289 360 erat
303 319 567 359 Theodericus
584 316 659 358 dux
673 318 898 358 Gothorum
914 345 923 358 ,
950 314 1050 355 filius
1062 317 1117 354 W
1120 316 1291 356 alameris
1305 347 1315 364 ‚
1338 322 1375 358 &
1401 329 1486 356 euin
1501 320 1678 358 invitavit
1689 321 1729 358 in

71 377 248 416 solatium
262 375 328 415 sibi
344 373 521 415 adversus
533 374 743 414 Basiliscum
757 403 766 418 ‚
793 372 993 424 objectans
1007 370 1168 409 militem
1183 400 1191 414 ‚
1220 372 1306 424 post
1328 372 1521 412 biennium
1545 375 1706 413 veniens
1718 402 1731 418 ,

73 431 253 472 obsidens
267 434 461 472 civitatem
477 428 876 483 Constantinopolim.
909 426 988 468 Sed
1002 429 1089 480 quia
1101 427 1267 466 Senatus
1286 433 1323 468 ὅτ
1335 427 1500 482 populus
1515 428 1725 469 Zenonem

72 499 292 528 metuentes
307 506 320 537 3
350 499 399 525 ne
413 485 504 540 quid
516 486 603 526 mali
618 497 815 539 pateretur
826 486 960 524 civitas
971 511 982 529 ‚
1005 481 1143 521 reneio
1158 481 1334 522 Basilisco
1347 511 1358 528 ‚
1380 483 1418 522 se
1437 483 1491 522 illi
1509 496 1646 523 omnes
1661 483 1730 523 de-

71 543 211 582 derunt
223 556 355 597 aperta
367 545 534 583 civitate.
569 541 762 582 Basiliscus
777 538 924 594 fugiens
943 537 994 579 >ad
1006 537 1210 578 Ecclesiam
1223 567 1232 582 ‚
1255 540 1355 577 intra
1370 539 1419 576 Ba
1449 537 1631 579 tisterium
1644 553 1731 579 cum

70 612 191 638 uxore
207 604 242 640 ὅ(
259 600 347 639 filiis
362 598 581 654 ingreditur.
610 599 688 639 Cui
700 597 816 637 Zeno
827 593 921 634 dato
933 593 1172 634 sacramento
1185 593 1354 634 securum
1369 605 1390 632 e
1424 605 1445 632 e
1460 593 1509 633 de
1529 593 1732 650 sanguine,

71 657 201 694 exiens
219 685 228 700 ,
254 654 438 694 inclausus
449 667 534 693 cum
548 666 667 693 uxore
682 657 718 694 ὅ(
730 651 820 692 filiis
832 653 932 690 intra
943 650 1102 691 cisterna
1114 649 1208 690 sicca
1226 678 1236 696 ‚
1252 648 1391 689 ibidem
1414 647 1557 705 frigore
1578 649 1732 689 defece-

73 723 173 750 runt.
208 712 324 752 Zeno
340 709 562 750 recordatus
588 708 641 749 est
663 721 795 748 amore
807 708 973 748 Senatus
997 711 1035 748 &
1049 706 1204 760 populi,
1234 705 1437 744 munificus
1449 704 1626 745 omnibus
1638 706 1676 745 se
1689 720 1732 745 o-

69 765 212 807 stendit
225 797 234 813 ‚
260 771 312 807 ita
323 779 365 806 ut
377 779 514 806 omnes
527 768 560 805 ei
576 768 714 821 gratias
725 776 882 820 agerent
908 765 1053 803 Senatu
1067 764 1245 802 Romano
1260 766 1297 802 &
1310 761 1458 816 populo
1473 765 1591 801 tuitus
1603 761 1656 802 est
1664 790 1677 810 ‚
1689 773 1733 801 ut

72 825 188 862 etiam
202 827 236 863 ei
247 826 428 877 imagines
441 835 509 877 per
522 820 668 862 diversa
681 821 766 860 loca
786 823 822 858 in
834 818 926 858 urbe
940 820 1064 858 Roma
1075 817 1303 857 levarentur.
1335 820 1365 858 C
1376 821 1458 869 ujus
1470 829 1648 871 tempora
1670 831 1738 871 pa·

70 878 180 919 cifica
202 879 371 920 fuerunt.
409 878 592 918 Odoacer
607 877 702 916 vero
728 878 835 927 cujus
857 872 968 929 supra
982 872 1140 913 fecimus
1151 876 1414 918 mentionem,
1441 886 1533 913 mox
1545 872 1729 928 deposito

70 935 287 989 Augustulo
299 934 348 973 de
360 934 528 987 Imperio
543 961 553 979 ‚
576 930 700 971 faetus
711 930 763 970 est
780 932 886 970 Rex:
907 928 1122 983 mansitque
1144 932 1180 969 in
1204 942 1324 983 regno
1339 940 1520 969 annosxx
1537 944 1545 966 ι
1562 942 1591 968 ι.
1609 931 1736 981 Cujus
1776 968 1783 974 ,

65 1002 178 1045 pater
204 990 219 1015 ¹¹
239 987 410 1030 AEdico
423 988 561 1034 didius,
574 986 623 1027 de
635 1000 715 1041 quo
727 989 780 1027 ita
794 989 990 1027 invenitur
1002 989 1039 1024 in
1053 985 1158 1025 libris
1172 989 1271 1025 Vitae
1282 986 1384 1026 beati
1399 986 1576 1027 Severini
1590 987 1734 1026 Mona-

70 1045 131 1086 chi
146 1049 247 1085 intra
259 1047 498 1085 Pannoniam
510 1072 520 1086 ‚
548 1046 711 1096 quicum
722 1042 946 1086 admonuit,
974 1047 1011 1084 ὅ(
1031 1041 1205 1096 praedixit
1218 1055 1374 1098 regnum
1388 1045 1471 1094 ejus
1482 1040 1661 1082 futurum.
1678 1043 1735 1083 lta

74 1104 222 1155 reperis
233 1098 280 1140 ad
291 1099 434 1139 locum.
460 1099 631 1154 Qidam
645 1098 796 1139 Barbari
807 1100 896 1138 cum
909 1096 956 1138 ad
970 1099 1115 1138 ltaliam
1129 1110 1334 1153 pergerent
1349 1127 1358 1143 ‚
1387 1097 1656 1153 promerendae
1667 1096 1736 1137 be-

72 1155 305 1197 nedictionis
320 1154 466 1196 adeum
479 1158 619 1195 intuitu
631 1156 875 1196 diverterunt
889 1182 899 1198 ‚
923 1158 1024 1194 inter
1035 1168 1135 1208 quos
1149 1160 1186 1195 &
1205 1153 1388 1193 Odoacar
1401 1182 1411 1200 ‚
1436 1156 1500 1208 qui
1518 1153 1650 1208 postea
1673 1166 1733 1193 re·

68 1215 199 1268 gnavit
212 1211 328 1252 ltaliae
341 1241 351 1256 ‚
374 1211 551 1253 viliffimo
566 1210 697 1253 habitu
703 1214 857 1263 juvenis
866 1209 1004 1250 statura
1016 1223 1200 1265 procerus
1213 1209 1423 1251 advenerat
1437 1213 1522 1263 :qui
1545 1209 1635 1250 cium
1668 1208 1738 1248 hu-

69 1267 268 1310 millimum
281 1267 426 1308 tectum
437 1267 581 1308 cellulae
593 1270 673 1319 ejus
685 1266 754 1307 suo
763 1270 910 1308 vertice
921 1269 1191 1323 contingeret..
1212 1265 1401 1306 inclinans
1423 1265 1462 1305 se
1476 1293 1486 1310 ,
1508 1266 1529 1305 a
1548 1268 1633 1307 viro
1661 1265 1738 1305 Dei

72 1324 283 1382 gloriosum
298 1323 338 1364 se
349 1324 435 1366 fore
446 1327 649 1381 cognovit.
673 1324 753 1365 Cui
766 1326 881 1364 etiam
899 1322 1161 1365 valedicenti,
1176 1321 1285 1362 Vade
1298 1351 1308 1368 ,
1331 1325 1480 1376 inquit,
1502 1320 1549 1361 acl
1562 1320 1712 1362 Italiam
1726 1350 1737 1367 ‚

69 1381 169 1423 vade
195 1380 379 1421 viliffimis
403 1393 504 1421 nunc
527 1379 687 1435 pellibus
698 1380 933 1435 coopertus,
948 1378 1013 1419 sed
1024 1380 1155 1419 multis
1167 1381 1248 1420 cito
1263 1378 1425 1433 plurima
1436 1376 1649 1432 largiturus.
1674 1378 1739 1417 ln-
1790 1402 1791 1405 =

73 1439 189 1477 terim
203 1448 246 1477 ut
259 1437 332 1477 Dei
343 1435 505 1477 famulus
520 1439 554 1476 ei
567 1434 794 1491 praedixerat
805 1466 815 1481 ,
842 1449 935 1476 mox
947 1439 986 1475 in
1002 1435 1109 1476 ltalia
1121 1434 1303 1491 ingressus
1317 1434 1391 1479 est3
1406 1446 1564 1489 regnum
1577 1436 1739 1486 accepit.

65 1491 220 1534 Eodem
234 1504 415 1547 tempore
429 1491 639 1533 Odoachar
652 1494 733 1533 Rex
744 1505 897 1532 memor
907 1490 1029 1532 factus
1043 1520 1053 1534 ,
1078 1491 1185 1545 quod
1209 1491 1229 1530 a
1253 1493 1339 1531 viro
1358 1489 1493 1530 sanCto
1513 1488 1741 1544 praedid‘ium

71 1548 266 1595 audierat,
293 1547 419 1589 statim
429 1546 881 1589 familiariterlitterasad
893 1561 978 1588 eum
991 1547 1183 1602 dirigens,
1209 1546 1235 1586 fi
1250 1560 1324 1600 qua
1334 1543 1519 1601 speranda
1544 1545 1705 1585 duceret
1728 1573 1742 1590 ,

70 1603 184 1646 dabat
206 1604 433 1658 suppliciter
455 1607 675 1659 optionem.
715 1608 817 1659 Ergo
838 1607 897 1645 vir
918 1605 992 1644 Dei
1015 1606 1133 1643 tantis
1161 1605 1289 1656 itaque
1313 1605 1394 1653 eJ‘us
1406 1600 1584 1655 alloquiis
1596 1613 1664 1656 per
1678 1600 1741 1639 lit-

71 1671 174 1701 teras
210 1663 393 1701 invitatus
416 1689 425 1705 ,
452 1660 707 1701 Ambrosium
747 1659 953 1714 quemdam
991 1658 1226 1699 exsulantem
1256 1670 1368 1712 rogat
1413 1656 1559 1698 absolvi
1583 1673 1592 1694 :
1633 1660 1741 1707 cujus

75 1715 283 1754 Odoachar
313 1715 609 1769 gratulabundus
642 1719 767 1768 paruit
799 1718 1008 1769 imperatis.
1071 1716 1189 1770 Igitur
1232 1712 1444 1754 Odoachar
1479 1714 1562 1752 Rex
1595 1712 1740 1752 Bellum

74 1769 183 1824 geffit
204 1768 384 1810 adversus
408 1771 538 1824 Rugos
561 1798 572 1814 ‚
601 1781 703 1823 quos
736 1772 775 1809 in
803 1769 975 1809 secundo
996 1771 1091 1809 vicit
1127 1797 1137 1812 ‚
1173 1773 1211 1810 &
1240 1767 1413 1819 funditus
1446 1767 1604 1808 delevit.
1639 1769 1745 1807 Nam

74 1824 165 1883 dum
186 1824 267 1879 ipse
291 1821 385 1864 effer
405 1824 515 1865 bonae
535 1825 771 1870 voluntatis,
806 1830 844 1867 &
883 1826 1040 1865 Arianae
1064 1823 1174 1864 sediae
1196 1823 1367 1866 favorem
1391 1824 1580 1880 praeberet
1604 1852 1614 1869 ‚
1645 1837 1745 1876 quo-

76 1880 162 1921 dam
179 1892 357 1934 tempore
376 1878 467 1921 dum
492 1892 748 1921 memoratum
774 1881 917 1936 Regem
944 1881 1056 1921 multi
1083 1880 1234 1920 nobiles
1255 1894 1385 1921 coram
1407 1880 1541 1921 sancio
1561 1883 1648 1921 viro
1673 1879 1743 1919 hu-

75 1949 186 1977 mana
198 1949 240 1976 ut
253 1937 336 1976 fieri
355 1935 455 1976 solet
476 1935 696 1977 adulatione
718 1935 940 1982 laudarent;
972 1940 1188 1993 interrogat
1211 1949 1327 1991 quem
1353 1939 1497 1993 Regem
1520 1940 1639 1976 tantis
1651 1947 1747 1990 prae-

75 1996 199 2032 coniis
213 1990 472 2047 praetulissent.
504 1992 846 2048 Respondentibus
872 1992 1122 2040 Odoacrem,
1156 1996 1304 2047 inquit,
1336 1997 1401 2048 qui
1424 1992 1522 2033 dixit
1545 1993 1748 2036 eis‚1iiter

76 2047 264 2088 tredecim
289 2053 326 2090 &
349 2047 644 2103 quatuordecim
671 2068 681 2090 x
714 2062 839 2090 annos
873 2049 1055 2090 videlicet
1090 2052 1228 2104 integri
1263 2052 1345 2101 ejus
1375 2051 1482 2104 regni
1515 2047 1744 2100 significans.

76 2104 195 2144 Zeno
229 2107 358 2158 itaque
390 2104 687 2159 recompensans
716 2105 917 2146 beneficiis
951 2104 1238 2145 Theodericum
1274 2107 1388 2158 quem
1415 2104 1508 2145 fecit
1532 2099 1743 2144 Patricium

80 2159 365 2206 &Consulem,
402 2158 552 2201 donans
564 2160 794 2208 eimultum,
828 2164 1041 2205 &mittens
1062 2173 1147 2200 eum
1160 2160 1208 2201 ad
1233 2161 1390 2201 ltaliam.
1425 2162 1499 2200 Cui
1523 2158 1743 2200 Theoderi-

77 2252 160 2278 tarius
172 2251 261 2279 Attilae
270 2252 373 2281 dicitur.
396 2251 476 2287 Vales.
929 2252 998 2282 tilae,
1017 2240 1096 2286 cujus
1106 2253 1226 2280 meminit
1236 2262 1293 2279 non
1302 2251 1380 2278 semel
1397 2251 1539 2279 Priscusin
1558 2253 1699 2288 Excerpii's
1712 2249 1750 2277 lc-

115 2287 134 2316 h
151 2287 372 2327 AEdieodiffut]
392 2289 477 2319 lseise
485 2288 594 2318 videtur
611 2289 702 2320 Edeco
718 2290 835 2334 laegatus
845 2291 894 2319 At*
926 2292 1091 2328 gailenum„
1104 2291 1129 2318 &
1147 2290 1315 2326 jordanesin
1326 2290 1436 2317 Geticis.
1451 2288 1529 2328 ia'em.

1048 2326 1212 2369 Xxxx
1245 2341 1265 2382 3
