2007 2658
350 117 446 158 270
588 97 705 147 ΜΒ.
725 101 832 147 xx.
850 99 995 145 CAP.
1010 94 1119 147 vn.
1284 90 1937 158 cesi-zizerisisggfssffiacisssxa?

349 177 562 232 gnabatur‚
585 175 776 217 hincinde
789 173 1080 216 concinentibus
1099 170 1200 212 tubis
1227 185 1233 210 :
1256 183 1325 211 nec
1338 170 1505 209 minores
1521 166 1663 222 strages
1685 166 1992 233 utrobique&

347 233 435 274 sunt
451 263 461 278 ‚
483 233 671 274 ambobus
683 232 972 274 obstinatissime
984 229 1213 272 coiiufiiatis.
1243 227 1393 269 Verum
1406 224 1539 265 secuto
1550 225 1615 266 die
1625 224 1710 264 otio
1723 226 1991 277 communias*

348 289 455 331 sensu
478 290 566 346 post
593 304 778 331 :erumnas
799 290 1035 344 multiplices
1058 285 1269 328 attributo,
1292 285 1381 323 ciim
1406 295 1567 337 magnus
1580 292 1702 321 terror
1713 278 1890 322 circum'fi
1989 284 1991 293 ¹

349 361 480 388 muros
495 375 506 395 ,
527 346 726 403 Persaeque
736 361 841 402 paria
854 346 1124 386 formidarent:
1139 339 1368 382 Christianae
1382 339 1474 393 legis
1490 337 1655 379 Antistes
1667 337 1771 378 exire
1782 337 1818 377 se
1828 337 1924 380 velle
1982 330 1983 336 ¹

350 403 467 444 stibus
480 403 704 445 ostendebat
715 408 753 445 &
767 402 1122 454 nutu;acceptiique
1134 397 1213 438 fide
1225 397 1338 451 quod
1351 396 1474 435 redire
1485 396 1774 450 permitteretur
1785 393 1914 435 incolu

350 461 524 516 adusque
539 462 705 501 tentoria
723 461 841 514 Regis
852 457 1014 498 accessit.
1054 456 1137 496 Ubi
1149 455 1241 494 data
1254 453 1372 508 copia
1382 451 1540 492 dicendi
1551 466 1639 506 quae
1654 450 1771 491 vellet
1787 477 1799 497 ,
1820 449 1902 490 sua·
1920 459 1944 485 ·'
1972 478 1974 485 .

351 518 510 571 placido
521 516 694 557 sermone
711 516 903 556 discedere
915 513 1043 554 Persas
1055 513 1104 553 ad
1116 512 1180 552 sua
1193 539 1202 555 ‚
1223 509 1310 565 post
1334 521 1560 548 communes
1581 508 1700 563 partis
1727 506 1877 561 utriusq
1926 549 1930 560 ‚
1948 516 1950 542 3

351 574 433 614 &us
446 573 646 614 formidari
659 575 773 613 ctiam
788 573 951 625 majores
963 569 1155 610 affirmans
1168 597 1177 612 ,
1202 565 1360 606 forsitan
1373 566 1620 605 adventuros.
1655 564 1732 605 Sed
1746 562 1907 619 persta-2
1928 564 1939 581 ⁷·
1980 555 1984 568 ¹

350 630 491 670 cassum
506 631 586 670 liaec
610 630 813 682 multaque
838 628 972 668 similia
994 625 1212 667 differendo
1226 651 1238 670 ,
1260 622 1419 663 efferata
1438 621 1589 662 vesania
1614 622 1734 676 Regis
1761 608 1983 693 obstant-3⁸

351 701 428 727 non
441 698 529 726 ante
541 685 749 726 castrorum
762 685 960 726 excidium
971 683 1124 739 digredi
1137 681 1382 737 pertinaciter
1393 679 1612 733 adjurantis.
1642 675 1867 718 Perstrinxit
1877 686 1916 718 ta
1926 669 1960 720 .st
1977 665 1992 695 Ἰ

350 743 515 798 suspicio
526 757 622 784 vana
634 742 816 796 quaedam
831 741 1070 796 Episcopum
1083 769 1092 784 ‚
1105 751 1149 780 ut
1163 740 1303 793 opinor
1313 766 1323 782 ‚
1338 736 1428 776 licet
1440 734 1710 776 asseveratione
1735 733 1894 789 vulgata
1912 754 1941 770 ιι7
1977 727 1981 742 ’

351 811 483 840 torum
495 827 507 847 ,
530 799 642 854 quod
653 797 890 839 clandestino
901 798 1103 852 colloquio
1113 797 1298 851 Saporem
1309 794 1498 834 docuerat
1513 819 1525 840 ,
1547 806 1634 846 quae
1648 793 1835 832 moenium
1846 804 1897 845 ap
1908 810 1919 826 ι
1934 810 1942 824 ι

351 868 407 896 ret
419 856 587 896 membra
606 867 648 896 ut
659 855 811 911 fragilia
821 854 1040 895 intrinsecus
1051 858 1090 894 &
1103 852 1283 893 invalida.
1325 850 1501 905 Hocque
1513 849 1653 889 exinde
1662 846 1863 889 verisimile
1879 848 1915 889 v'
1941 854 1970 866 ”

350 912 405 953 est
418 939 430 959 ‚
457 913 569 967 quod
583 912 716 967 postea
728 915 852 952 intuta
862 912 949 952 loca
961 910 1141 966 carieque
1153 907 1326 949 nutantia
1337 920 1426 946 cum
1438 905 1693 946 exsultatione
1713 917 1852 959 magna
1862 929 1875 950 ,
1892 902 1952 945 vel

352 969 573 1024 regentibus
585 969 838 1022 penetralium
850 968 998 1008 callidis
1015 996 1026 1015 ,
1048 964 1398 1019 contemplabiliter
1422 962 1608 1002 machinae
1629 960 1816 1001 feriebant
1839 959 1891 1001 ho
1933 968 1937 994 ἱ
1956 985 1964 993 -

351 1026 404 1065 Et
417 1039 657 1079 quamquam
669 1025 818 1081 angusti
831 1026 942 1065 calles
954 1023 1213 1065 difficiliorem
1226 1021 1377 1061 aditum
1398 1019 1542 1059 dabant
1553 1018 1604 1058 ad
1624 1029 1755 1056 muros
1768 1043 1780 1062 ,
1800 1027 1936 1070 aptati

348 1083 484 1122 arietes
496 1083 598 1136 :egre
611 1083 941 1136 promovebantur
953 1109 963 1125 ‚
986 1080 1219 1120 manualium
1234 1076 1412 1117 saxorum
1430 1075 1733 1129 sagittarumque
1746 1083 1851 1112 metu
1869 1085 1964 1112 ar
1983 1066 1986 1116 f

349 1149 388 1179 te
403 1153 411 1177 :
425 1151 494 1177 nec
505 1138 659 1178 ballistae
672 1150 798 1178 tamen
816 1138 1002 1178 cessavere
1014 1150 1083 1176 nec
1093 1135 1314 1189 scorpiones
1327 1160 1338 1180 ,
1349 1132 1422 1172 illae
1440 1132 1515 1171 tela
1527 1140 1752 1184 torquentes
1770 1155 1782 1175 ,
1802 1127 1843 1168 hi
1853 1126 1958 1182 lapid

347 1195 528 1241 crebros,
551 1193 738 1248 qualique
761 1193 870 1234 fimui
892 1194 1067 1233 ardentes
1079 1192 1215 1246 pice&
1238 1189 1429 1229 bitumine
1439 1188 1550 1227 illiti:
1578 1199 1750 1240 quorum
1772 1183 1922 1225 adsidui
1946 1224 1948 1226 ,
1977 1183 1983 1224 .“

350 1265 421 1306 per
438 1250 612 1304 proclive
623 1251 833 1290 labentium
862 1258 877 1283 9
906 1249 1092 1289 machinae
1106 1245 1299 1287 haerebant
1309 1244 1417 1284 velut
1427 1243 1512 1283 altis
1527 1242 1718 1282 radicibus
1737 1240 1825 1281 fixae
1843 1238 1939 1288 ,eas-
1960 1261 1961 1265 =

352 1307 573 1348 malleoli&
588 1306 690 1346 faces
710 1307 815 1355 jafiiae
827 1305 1049 1346 destinatius
1071 1304 1295 1344 exurebant.
1334 1300 1412 1341 Sed
1433 1300 1521 1339 cum
1545 1299 1627 1338 haec
1651 1299 1704 1336 ita
1722 1296 1838 1337 essent
1859 1323 1872 1344 ,
1893 1309 1915 1338 c
1944 1316 1951 1330 ·
1975 1339 1980 1351 ¹

351 1364 517 1418 rentque
530 1362 750 1402 altrinsecus
762 1362 875 1402 multi
887 1389 899 1408 ,
915 1362 1098 1401 ardebant
1110 1360 1230 1413 magis
1243 1367 1536 1412 oppugnatores
1547 1353 1710 1395 'naturali
1724 1352 1795 1393 situ
1805 1355 1842 1394 &
1854 1353 1891 1392 in
1928 1372 1956 1389 τι

349 1434 471 1475 opere
482 1421 675 1460 munitum
690 1419 886 1474 oppidum
900 1430 988 1458 ante
999 1416 1171 1458 brumale
1183 1414 1284 1454 sidus
1295 1411 1514 1453 exscindere
1528 1439 1539 1458 ‚
1559 1411 1703 1450 rabiem
1719 1409 1839 1464 Regis
1847 1422 1927 1454 non,
1944 1429 1946 1433 ν

351 1478 393 1517 te
412 1476 531 1517 sedari
565 1485 573 1502 ¹
606 1476 713 1530 posse
726 1476 935 1515 credentes.
968 1474 1166 1526 Quocirca
1176 1485 1246 1511 nec
1260 1470 1383 1510 multa
1408 1469 1557 1508 cruoris
1577 1465 1740 1514 effusio,
1759 1478 1829 1506 nec
1855 1477 1905 1505 co
1935 1486 1946 1508 ,ι

351 1532 562 1576 mortiferis
575 1531 794 1572 vulneribus
811 1531 968 1583 plurimi
980 1541 1126 1569 ceteros
1138 1529 1185 1566 ab
1197 1527 1358 1566 audacia
1369 1525 1480 1578 parili
1493 1522 1816 1565 revocabant.Sed
1828 1521 1896 1562 diu
1915 1521 1951 1554 ’ῖ

350 1590 473 1630 exitio
486 1588 734 1627 decernentes
747 1585 943 1639 postremo
955 1611 968 1631 ‚
980 1584 1159 1638 periculis
1170 1581 1409 1635 objceravere
1421 1579 1536 1619 semet
1552 1579 1726 1632 abruptis
1740 1592 1747 1617 ε
1760 1582 1797 1619 &
1815 1578 1909 1632 agit

351 1647 487 1686 arietes
500 1673 511 1691 ,
531 1644 648 1684 denso
661 1643 840 1683 saxorum
853 1641 1057 1681 molarium
1071 1638 1243 1694 pondere
1257 1635 1515 1690 fomentisque
1528 1637 1675 1690 ignium
1689 1635 1799 1675 variis
1811 1661 1822 1680 ,
1843 1634 1889 1673 ir
1906 1647 1935 1681 ῳ

354 1704 457 1743 tinus
472 1701 712 1741 vetabantur.
745 1699 888 1738 Verum
902 1711 999 1737 unus
1018 1699 1111 1736 aries
1122 1694 1278 1741 residuis
1291 1693 1423 1733 celsior
1437 1719 1448 1736 ‚
1476 1691 1666 1733 humeffis
1677 1691 1835 1730 taurinis
1845 1703 1871 1729 o
1884 1709 1894 1724 ·
1908 1713 1920 1722 ·
1930 1707 1953 1730 τ·

352 1759 503 1800 exuviis
518 1785 531 1804 ,
550 1757 719 1810 ideoque
732 1755 856 1794 minus
873 1754 977 1794 casus
1001 1750 1201 1793 flammeos
1224 1747 1492 1803 pertimescens
1512 1759 1578 1788 aut
1602 1747 1677 1788 tela
1690 1741 1946 1802 ,antegreffif
1974 1783 1975 1786 ,

353 1829 462 1856 mnes
488 1813 604 1868 repsit
627 1812 766 1852 nisibus
779 1812 925 1866 magnis
939 1811 988 1850 ad
999 1822 1154 1849 murum
1167 1823 1174 1847 ς
1189 1806 1378 1860 vastoque
1388 1806 1565 1844 acumine
1574 1814 1806 1859 coagmenta
1827 1802 1945 1857 lapi

354 1871 523 1917 fodiens,
538 1871 672 1910 turrim
686 1869 852 1909 laxatam
865 1868 1015 1908 evertit.
1046 1867 1138 1918 Qizl
1150 1863 1275 1903 sonitu
1289 1863 1395 1917 lapsa
1408 1862 1569 1916 ingenti,
1580 1859 1830 1916 superstantes
1842 1872 1896 1913 qu
1906 1855 1953 1901 σῇῗζ

355 1928 554 1983 repentina
566 1927 674 1966 ruina
685 1925 823 1978 dejecti
839 1953 848 1968 ‚
870 1923 1119 1976 diffrafflque
1138 1921 1200 1960 vel
1213 1921 1341 1960 obruti
1357 1947 1368 1966 ,
1390 1919 1580 1958 mortibus
1600 1918 1774 1958 interiere
1793 1915 1927 1956 divers
1945 1913 1953 1966 ζ’

355 1985 552 2040 insperatis
565 1998 572 2022 :
587 1983 826 2036 invent‹'›qiie
836 1981 979 2020 tutiore
990 1974 1168 2019 adscensu
1193 1989 1337 2016 armata
1360 1976 1468 2015 irruit
1491 1973 1718 2015 multitudo.
1738 1971 1927 2027 ΤῐερίιΓ
1946 1969 1959 2020 J

356 2043 446 2083 inde
461 2040 726 2095 superatorum
740 2037 891 2077 auribus
902 2036 1129 2077 ululantium
1145 2034 1318 2087 undique
1331 2031 1525 2072 Persarum
1539 2033 1738 2071 intonante
1761 2027 1874 2083 frago
1918 2045 1926 2062 x
1939 2025 1959 2082 J

355 2101 432 2139 tius
453 2097 637 2152 proelium
654 2097 751 2135 intra
764 2107 894 2134 muros
903 2091 1061 2136 exarsit,
1083 2089 1251 2130 hostium
1272 2088 1568 2142 nostrorumque
1588 2086 1749 2127 catervis
1771 2095 1928 2126 certan-

356 2155 575 2194 comminus
593 2181 604 2200 ,
624 2153 714 2192 etim
726 2149 909 2191 confertis
923 2151 1019 2190 inter
1031 2147 1067 2187 se
1081 2147 1334 2200 corporibus,
1364 2145 1454 2185 hinc
1476 2144 1648 2199 indeque
1668 2141 1800 2183 stri&0
1821 2153 1911 2181 mu·
1945 2142 1956 2149 ”

359 2209 749 2251 nullioccurrentium
767 2218 999 2262 parceretur.
1031 2203 1180 2259 Magna
1192 2203 1361 2258 denique
1373 2201 1476 2242 mole
1498 2201 1660 2257 ancipiti
1669 2199 1739 2242 diu
1761 2197 1883 2240 exitio
1935 2252 1938 2260 ¹

396 2323 408 2348 t
431 2318 574 2356 Drsmrms?
611 2330 626 2355 9
646 2319 693 2356 Ml?
702 2321 888 2348 machinarum.
928 2326 940 2345 ι
960 2315 1066 2360 esposse
1078 2314 1180 2352 deestal.
