2007 2658
310 115 409 164 686
482 115 783 166 mexxt
804 115 1061 168 οΑΡ-νῐῐ.
1132 115 1898 186 venterit.¹rw;aararrrn„2²se.5t··

305 188 478 240 juratum
489 191 543 232 est
567 220 579 240 ,
607 193 822 234 tumulosos
833 194 943 234 locos
955 203 1137 249 appetere
1149 202 1393 232 tentaverunt
1405 206 1413 231 :
1447 193 1530 247 quo
1542 191 1684 233 exinde
1694 205 1762 247 pet
1784 195 1962 247 proclive

312 256 485 287 rotarum
509 250 632 290 modo
661 251 800 291 obvios
821 253 971 306 impetu
993 249 1272 290 convolverent
1294 249 1453 288 acriore.
1489 249 1667 303 Hocque
1689 249 1773 289 viso
1794 250 1844 291 ad
1870 251 1960 294 suos

311 302 477 358 quisque
488 307 706 360 manipulos
718 319 928 362 properans
950 307 1057 347 miles
1073 334 1084 353 ,
1115 305 1237 344 stabili
1260 305 1383 359 gradu
1404 303 1608 345 confistens
1629 318 1699 345 nec
1721 305 1956 361 vagabatur,

311 371 381 399 nec
395 360 532 402 teneus
543 363 745 404 ordinibus
765 363 1025 419 procursabat.
1057 363 1164 416 Ergo
1176 360 1244 400 ubi
1255 361 1453 415 utrimque
1465 361 1564 401 acies
1577 362 1726 402 cautius
1739 362 1962 406 incedentes

308 416 433 468 gressu
447 416 628 459 steterunt
639 420 828 460 immobili
845 447 856 467 ‚
888 421 1071 460 torvitate
1084 426 1217 458 mutua
1231 416 1433 457 bellatores
1444 417 1654 458 luminibus
1675 417 1712 458 se
1723 419 1958 462 contueban-

311 480 375 509 tur
385 472 570 528 obliquis
607 475 658 516 Et
670 473 842 516 Romani
856 475 1016 529 quidem
1029 485 1127 514 voce
1147 473 1323 527 undique
1344 472 1490 513 Martia
1503 475 1749 516 concinentes
1760 502 1774 523 ,
1802 474 1825 516 a
1836 476 1965 518 mino·

309 538 349 565 re
362 527 472 568 solita
483 530 533 570 ad
546 533 727 586 majorem
743 532 929 586 protolli,
951 543 1068 584 quam
1081 528 1296 585 gentilitate
1306 528 1504 584 appellant
1517 529 1702 571 barritum
1713 557 1726 579 ,
1755 531 1857 573 vites
1866 531 1963 573 vali-

309 582 378 623 das
391 586 597 640 erigebant.
629 588 785 628 Barbari
797 588 889 627 vero
904 589 1094 640 majorum
1108 586 1241 626 laudes
1254 586 1487 626 clamoribus
1502 585 1710 626 stridebant
1722 587 1963 630 inconditis:⁴

308 639 486 695 interque
495 643 621 682 varios
634 643 814 682 sermonis
827 641 1156 697 diffonistrepitus
1171 642 1316 683 leviora
1332 641 1474 696 proelia
1495 643 1753 684 tentabantur.
1780 644 1955 699 Jamque

308 698 451 737 verutis
475 702 514 738 &
536 697 717 739 similibus
736 698 818 739 aliis
841 700 1040 754 utrimque
1059 697 1177 739 semet
1198 699 1347 739 eminus
1370 698 1613 746 lacessentes,
1643 699 1693 739 ad
1704 699 1960 742 conferendas

308 754 435 792 coiere
457 756 654 795 minaciter
675 768 831 795 manus:
864 760 903 796 &
928 754 1044 795 scutis
1065 756 1103 795 in
1116 754 1352 795 testudinum
1363 753 1532 795 formam
1555 757 1860 810 coagmentatis,
1887 768 1961 812 pes

307 820 395 848 cum
413 809 511 861 pede
521 810 684 851 collatus
704 811 769 852 est.
803 811 1041 866 Barbarique
1059 822 1103 852 ut
1126 811 1352 866 reparabiles
1373 808 1523 866 semper
1543 815 1580 853 &
1593 811 1755 860 celeres,
1783 813 1960 868 ingentes

306 865 314 888 1'
344 864 469 904 clavas
482 867 519 905 in
533 866 682 908 nostros
694 869 942 916 conjicientes
955 867 1145 908 ambustas
1155 896 1167 914 ‚
1198 867 1482 922 mucronesque
1493 869 1615 909 acrius
1626 867 1878 909 resistentium
1890 880 1961 925 pe-

306 919 703 971 &oribusillidentes,
734 917 922 965 sinistrum
933 937 1054 964 cornu
1068 934 1346 979 perrumpunt:
1378 923 1491 978 quod
1503 923 1730 965 inclinatum
1747 923 1960 967 sublidiali's

303 976 579 1018 robustissimus
591 981 731 1034 globus
745 1008 758 1028 ,
776 981 799 1019 e
810 981 1036 1035 propinquo
1049 981 1166 1021 latere
1176 978 1331 1020 fortiter
1342 981 1493 1020 excitus
1503 1006 1517 1027 ‚
1528 977 1697 1021 haerente
1700 982 1783 1035 jam
1817 988 1830 1015 ³
1850 993 1960 1024 mot-

300 1042 342 1070 τε
355 1034 570 1075 cervicibus
586 1035 820 1077 sustentavit.
851 1037 1044 1079 Fervente
1065 1038 1184 1091 igitur
1194 1035 1316 1076 densis
1330 1036 1501 1076 caedibus
1512 1037 1648 1089 praelio
1657 1064 1671 1084 ‚
1699 1038 1738 1077 in
1753 1035 1958 1080 confertos

302 1087 468 1144 quisque
480 1094 706 1148 promptior
721 1106 832 1133 ruens
845 1119 857 1141 ,
889 1095 964 1133 ritu
977 1093 1172 1148 grandinis
1183 1092 1360 1146 undique
1370 1090 1624 1132 volitantibus
1644 1093 1954 1147 telisoppetebat

299 1148 340 1183 &
351 1145 509 1199 gladiis:
524 1152 563 1189 &
575 1147 832 1203 sequebantur
849 1150 1000 1205 equites
1009 1148 1202 1190 hincinde
1213 1146 1452 1202 fugientibus
1461 1148 1649 1202 occipitia
1658 1147 1810 1189 lacertis
1819 1149 1959 1204 ingen.

301 1201 404 1241 tibus
427 1205 872 1260 praecidentes&terga:
909 1204 1129 1260 itidemque
1139 1204 1361 1246 altrinsecus
1390 1204 1546 1259 pedites
1564 1202 1787 1259 lapsorum,
1814 1205 1962 1248 timore

299 1257 582 1312 impeditorum
605 1287 617 1308 ,
646 1270 664 1294 4
681 1261 700 1288 k
719 1262 882 1302 secando
907 1261 1142 1317 suffragines.
1176 1261 1229 1302 Et
1249 1260 1340 1301 cium
1353 1261 1485 1301 omnia
1508 1259 1696 1302 caesorum
1723 1260 1961 1316 corporum

297 1314 577 1368 opplerentur,
599 1306 779 1371 jacebant
791 1320 965 1359 intereos
977 1319 1140 1373 quidam
1152 1316 1411 1364 semiamines,
1438 1315 1545 1370 spem
1566 1318 1659 1358 vitae
1672 1318 1834 1359 inaniter
1846 1318 1959 1360 usur·v

298 1371 434 1423 pando
445 1395 456 1420 3
470 1373 532 1413 alii
542 1374 683 1428 glande
694 1374 825 1416 fundis
835 1374 1003 1422 excussa,
1015 1375 1077 1416 vel
1090 1373 1366 1427 harundinibus
1379 1376 1532 1414 armatis
1547 1372 1649 1414 ferro
1662 1373 1833 1415 confi-xi:
1848 1388 1949 1430 quo·
1978 1402 1983 1410 -

297 1427 476 1468 rumdam
491 1432 620 1484 capita
634 1443 700 1484 per
710 1432 883 1472 medium
897 1431 1037 1471 frontis
1048 1436 1084 1472 ὃ(
1101 1430 1256 1473 verticis
1267 1443 1454 1470 mucrone
1464 1428 1642 1472 distincta
1653 1458 1666 1478 ,
1687 1429 1727 1471 in
1739 1441 1957 1486 utrumque.

297 1481 502 1524 humerum
515 1498 659 1541 magno
672 1500 761 1528 cum
774 1488 935 1528 horrore
946 1486 1177 1542 pendebant.
1208 1487 1260 1528 Et
1273 1487 1463 1542 pertinaci
1475 1487 1766 1528 concertatione
1776 1487 1955 1530 nondum

297 1538 435 1580 lassata:
447 1569 460 1588 ,
488 1555 604 1596 :equo
620 1542 750 1584 Marte
763 1556 890 1598 partes
903 1543 1022 1584 semet
1037 1543 1257 1584 altrinsecus
1269 1542 1531 1584 afflivstabant:
1564 1557 1637 1584 nec
1660 1544 1712 1584 de
1733 1544 1863 1600 rigore
1883 1557 1952 1608 ge·

297 1596 417 1636 nuino
429 1597 636 1651 quisquam
663 1601 883 1640 remittebat
897 1627 909 1647 ,
940 1600 1038 1640 dum
1049 1601 1147 1641 vires
1165 1600 1383 1640 animorum
1408 1597 1582 1641 alacritas
1603 1600 1805 1641 excitaret.
1838 1601 1952 1642 Dire-

297 1652 370 1690 mit
386 1663 511 1693 tamen
524 1655 756 1695 interneciva
767 1656 976 1696 certamina
1006 1656 1015 1682 ¹
1041 1657 1181 1696 cedens
1191 1655 1352 1710 vespero
1360 1656 1462 1696 dies:
1484 1660 1524 1697 &
1535 1657 1683 1698 cuncus
1695 1656 1772 1711 qua
1785 1655 1947 1712 quisque

297 1709 430 1759 potuit
452 1708 709 1764 incomposite
728 1711 1013 1752 discedentibus
1029 1740 1042 1759 ,
1071 1711 1209 1752 residui
1229 1724 1364 1751 omnes
1375 1722 1556 1764 repetunt
1567 1713 1732 1752 tentoria
1753 1711 1946 1754 tristiores.

299 1763 486 1805 Humatis
495 1765 667 1820 denique
680 1780 753 1822 pro
764 1767 941 1808 locorum
956 1773 993 1808 &
1008 1769 1198 1820 temporis
1214 1768 1360 1806 ratione
1373 1767 1592 1808 Honoratis
1604 1768 1836 1822 quibusdam
1851 1769 1954 1822 inter

297 1817 504 1862 defunctos
518 1849 530 1869 ,
540 1822 687 1876 reliqua
700 1835 994 1878 peremptorum
1006 1837 1173 1878 corpora
1184 1823 1277 1864 dira:
1289 1822 1468 1864 volucres
1479 1822 1797 1877 consumpserunt
1809 1850 1820 1869 ‚
1831 1821 1953 1866 affue-

298 1884 348 1916 ωε
361 1877 429 1917 illo
440 1887 517 1918 tem
523 1891 618 1933 pore
631 1880 882 1921 cadaveribus
896 1880 1023 1935 pasci,
1053 1890 1097 1920 ut
1117 1880 1290 1920 indicant
1301 1891 1403 1920 nunc
1418 1878 1540 1934 usque
1569 1888 1597 1907 ¹¹¹
1626 1880 1795 1921 albentes
1806 1879 1953 1924 offibns

336 1977 348 2001 3
371 1969 415 2002 Ml.
426 1979 517 1998 moi-re
554 1980 570 2004 4
591 1971 636 2010 '⁴¹s·
654 1971 787 2000 secandos.
1142 1969 1268 2005 [Cois]
1283 1971 1308 1998 8<
1318 1969 1403 2005 Regio
1414 1970 1541 2007 scriptum
1551 1970 1599 2002 fit.
1610 1969 1811 2008 fitandossqffl.
1828 1980 1887 2002 nou
1899 1969 1950 1999 dm·

302 2012 1114 2023 ——·-·—-—·-·-·-—-—··—-·—-
1139 2009 1196 2035 bito
1205 2009 1270 2043 quin
1282 2006 1451 2036 Marcellinus
1459 2008 1586 2044 scriptum
1596 2007 1734 2044 reliquerit
1742 2007 1856 2042 ‚letando

299 2042 495 2080 codicelcgitur
504 2044 882 2083 Candenmquemadmodum
897 2043 925 2071 lo
948 2045 1022 2071 uitur
1040 2044 1110 2070 Mar·
1133 2046 1212 2081 giues.
1234 2044 1302 2071 Nam
1319 2045 1344 2073 δι
1363 2044 1389 2072 id
1402 2044 1566 2074 modularffis
1579 2044 1671 2075 sonat,
1688 2046 1717 2074 δι
1734 2044 1879 2075 Marcellini
1926 2051 1946 2073 ο

300 2080 410 2108 cellinus
418 2083 444 2109 in
452 2082 495 2109 libr
505 2092 540 2110 xx
548 2093 568 2110 ι.
575 2081 618 2110 ubi
624 2081 669 2109 lux
675 2081 809 2110 excanduit
816 2080 902 2109 tertia.
946 2079 1004 2108 alefi
1137 2082 1220 2116 magis
1230 2079 1385 2116 respondet.
1403 2081 1485 2118 VaIeJI

335 2119 344 2143 i
363 2117 464 2146 clavas
477 2121 504 2146 in
519 2119 607 2156 nostros
621 2114 930 2155 conficientes-ambustas]
954 2116 1040 2145 Fuere
1056 2116 1111 2144 ὕει-ι·
1174 2117 1181 2143 l
1203 2118 1297 2144 Cedens
1319 2118 1419 2155 vespero
1435 2118 1512 2155 dies]
1533 2116 1660 2155 Apuleius
1679 2115 1767 2147 Milec·
1780 2118 1805 2145 3.
1823 2115 1868 2146 So!
1879 2115 1946 2146 -ffi'

299 2161 370 2181 arma
384 2154 497 2184 barbaris
515 2153 681 2193 poiissimiim
697 2157 724 2186 ε(
735 2155 795 2184 rudi
804 2154 902 2184 saeculo
910 2152 1110 2189 ufitntaNirgil.
1136 2154 1235 2181 tandem
1250 2154 1348 2190 dei-effic.
1368 2155 1497 2185 Sidonius
1511 2156 1672 2194 Apollinaris
1687 2152 1885 2191 1ib.1.zpist.a.
1893 2153 1949 2188 rer

299 2198 356 2217 vn.
368 2192 472 2219 AEncid.
1134 2188 1226 2218 decedit
1234 2189 1320 2223 astari.
1345 2191 1361 2206 ‘
1382 2192 1526 2220 Lindenbr.
1813 2215 1818 2222 .
1934 2207 1945 2220 .<

372 2245 385 2251 -
394 2247 404 2252 -
414 2245 423 2249 -
432 2229 549 2263 Nonjam
556 2231 692 2258 certamine
699 2240 714 2256 a
746 2228 789 2270 esti
1172 2237 1198 2255 m
1219 2224 1338 2256 Albentes
1345 2227 1429 2265 offibus
1435 2231 1539 2268 campi]
1560 2228 1653 2265 Vir-gil.
1662 2228 1767 2257 AEneid.
1776 2236 1808 2257 1¹
1815 2236 1837 2256 ¹.
1897 2262 1899 2265 Ι
1921 2243 1924 2246 «
1937 2246 1943 2267 3

372 2265 504 2299 stipitibus
512 2266 581 2292 duris
587 2270 672 2302 agitur
673 2239 812 2303 suffiusve
813 2263 923 2302 praestit
932 2284 940 2296 .
1206 2280 1217 2285 ·
1226 2279 1236 2285 -
1246 2282 1257 2288 -
1265 2264 1373 2292 malem
1381 2264 1456 2300 nostro
1465 2264 1685 2302 Tiberinafluenra

371 2300 491 2336 Sedscrro
499 2303 748 2337 ancipiraedecermme.
770 2302 919 2331 Lindcnbr.
1205 2302 1331 2338 Sanguine
1336 2301 1418 2329 adhue
1426 2321 1433 2334 .
1450 2303 1579 2340 campique
1585 2302 1698 2339 ingentes
1704 2296 1889 2338 offibusaeffl·

334 2335 354 2363 k
371 2336 667 2379 Srcantesfiafflraginer]
687 2337 864 2380 ΕἶιιιαίιιΜίἸἰ
875 2337 949 2367 Flor.
962 2336 977 2355 ⁸
988 2334 1105 2366 Telos!
1131 2337 1165 2364 Et
1173 2336 1232 2367 alibi
1274 2351 1279 2366 ;
