2007 2658
524 93 633 139 AD
689 90 1233 133 LECTOREM.

54 189 94 223 de
106 184 349 221 Christianorum
361 182 447 217 rebus
459 177 636 226 loquitur,ut
649 176 702 210 nisi
714 188 751 210 ex
765 177 901 222 plurimis
914 177 988 211 locis
999 187 1068 211 toto
1081 190 1175 224 opere
1187 179 1290 226 sparsis
1301 182 1453 216 constaret
1462 178 1531 219 eum
1543 187 1696 222 cultorem

50 226 219 275 {numinum
240 231 323 274 luisse
334 258 342 270 ,
358 229 546 264 Christianus
559 224 798 268 nonjmmerito
813 225 912 272 posset,
924 226 1030 261 videri.
1058 227 1157 261 Mitto
1179 229 1264 273 quod
1285 229 1478 277 antiquitates
1500 236 1532 266 &
1553 234 1689 282 origines

55 278 122 318 tum
140 284 287 326 majorum
300 278 471 312 nostrorum
485 303 493 316 ‚
509 273 579 321 puta
597 275 783 307 Francorum
795 280 815 312 ‚'
833 284 897 308 tum
916 275 1163 308 Alamannorum
1185 280 1216 308 δι
1234 278 1478 324 Burgundiorum
1501 280 1690 330 aliarumque

55 332 194 380 gentium
207 339 267 362 non
281 325 400 361 aliunde
410 353 419 365 ‚
447 322 540 371 quarn
552 333 589 355 ex
601 321 774 356 Marcellini
786 321 919 356 historiis
930 323 992 369 peti
1005 322 1134 368 possunt.
1163 325 1269 370 Atque
1281 325 1394 359 utinam
1409 327 1557 361 tredecim
1572 342 1691 375 quoque

57 380 170 427 priores
182 376 246 410 libri
259 371 438 420 superessent
451 394 461 410 ‚
487 370 592 418 quibus
604 382 650 403 res
660 369 758 417 gestas
771 370 1027 417 Augustorumab
1040 370 1168 404 exordio
1182 372 1311 406 Caesaris
1326 374 1441 407 Nervae
1464 375 1500 409 ad
1513 370 1690 411 Constantii

54 437 193 473 tempora
206 431 407 469 perterruerat.
433 417 497 454 Etsi
509 418 592 452 enim
605 418 740 465 priorum
753 419 932 464 Principum
945 418 1027 466 gesta
1039 417 1223 452 succinffit‘rs
1236 431 1480 460 memoraverat,
1503 433 1532 455 ut
1543 436 1579 457 cx
1589 437 1627 458 eo
1638 438 1692 471 ap-

55 484 137 522 paret
149 471 232 518 quod
246 482 318 505 xxx.
332 467 430 516 prope
443 470 670 514 Imperatorum
681 466 840 500 historiam
853 467 1001 500 tredecim
1015 466 1097 499 libris
1108 478 1171 501 erat
1182 469 1385 514 complexus:
1413 481 1478 502 non
1490 479 1591 504 tamen
1605 472 1693 506 dubi..

53 518 176 555 tandum
189 519 232 552 est
245 541 253 555 ‚
284 518 356 563 quin
370 516 498 564 plurima
511 515 584 549 scitu
594 514 687 562 digna
698 513 733 549 iis
746 514 955 549 voluminibus
966 515 1209 551 continerentur.
1235 515 1293 549 Sed
1305 526 1505 564 praeterquam
1519 518 1604 564 quod
1626 521 1693 554 libri

50 566 95 604 illi
110 563 261 602 vetustatis
274 565 384 609 injurii
397 564 559 611 perierunt,
571 563 749 598 oetodecim
761 563 881 610 reliqui,
894 573 1052 609 tamquam
1064 575 1101 596 ex
1114 563 1272 611 naufragio
1283 564 1417 610 quodam
1427 566 1467 598 ita
1479 566 1567 598 laceri
1581 568 1694 600 mutili-

51 627 109 663 que
119 611 156 649 ad
167 627 222 648 nos
237 623 457 661 pervenerunt,
476 622 506 645 ut
521 612 568 646 vel
579 624 636 645 una
649 610 713 645 haec
724 611 802 645 ratio
815 612 927 645 multos
939 611 977 646 ab
987 623 1095 645 eorum
1107 611 1243 645 letflione
1254 613 1443 648 deterruerit.
1459 612 1556 659 Qod
1568 614 1694 661 quidem

50 675 114 699 non
126 661 310 709 scriptorum
323 661 479 695 dumtaxat
490 659 714 705 exemplarium
727 659 948 707 vitiocontigit
959 659 1030 699 ,sed
1043 659 1138 693 etiam
1150 660 1305 694 editorum
1316 659 1423 707 culpa⁴
1453 661 1554 695 Prima
1568 661 1694 709 quidem

50 708 444 757 Marcellini-Historiarum
456 707 562 742 Editio
575 709 688 741 Romae
704 707 815 754 prodiit
827 720 908 741 anno
918 707 1053 741 Domini
1065 708 1286 742 Mccccux
1297 719 1346 743 lv.
1361 709 1409 742 cui
1424 708 1543 756 praefuit
1556 711 1598 744 A.
1611 710 1697 744 Sabi-

50 758 105 795 nus
128 760 224 794 Poeta
237 760 395 793 laureatus.
420 758 501 791 Haec
522 754 628 789 Editio
638 777 648 793 ‚
678 766 787 801 utpote
798 756 938 789 nondum
952 765 1058 789 exorta
1073 756 1264 790 Criticorum
1285 757 1410 790 natione
1420 779 1430 795 ‚
1457 758 1599 792 omnium
1620 758 1697 792 fide-

51 805 227 843 liffima'est.
252 808 371 841 Νῖνος
392 805 476 839 enim
497 803 680 849 exemplaris
692 803 733 838 sui
755 806 785 837 &
800 805 918 837 lacunas
938 803 1035 837 servat
1045 815 1168 840 omnes.
1194 806 1285 839 Hanc
1305 804 1402 838 secuta
1413 804 1456 839 est
1468 806 1573 839 Editio
1585 808 1696 840 Bono-

52 854 162 897 niensis
171 867 260 898 anno
272 865 370 899 1517.
382 865 473 900 quam
490 851 606 886 curavit
618 853 655 887 Ρ,
667 850 818 885 castellus
829 874 839 890 ‚
855 852 907 891 ,vir
918 863 974 885 nec
987 851 1112 898 ingenio
1124 864 1180 885 nec
1192 853 1304 895 jndicio
1316 854 1379 886 ullo
1394 854 1548 900 praeditus.
1576 858 1625 889 Ac
1643 866 1699 888 ne-

51 902 115 938 scio
127 900 226 938 utrum
237 897 392 947 stuporem
405 900 541 934 hominis
553 899 654 933 mirari
669 899 764 948 magis
776 927 785 940 ,
815 911 852 933 an
871 899 1025 934 audaciam
1045 910 1137 946 atque
1149 900 1373 947 impudentiam
1395 902 1516 941 debeas.
1543 904 1630 937 Nam
1642 915 1698 937 ne-

50 963 109 1000 que
118 945 213 992 ullum
233 948 377 983 codicem
389 947 628 995 manuscriptum
638 948 790 982 consuluit
804 962 813 990 ;
835 951 864 982 &
881 948 1069 992 conjeffi'ruroe
1082 948 1159 982 adeo
1169 948 1333 984 infeliciter
1345 949 1465 983 indulsit
1476 973 1486 989 ‚
1513 960 1547 985 ut
1561 951 1697 985 monstra

51 998 191 1047 quaedam
210 1010 243 1032 ac
266 997 369 1032 deliria
390 997 421 1030 in
444 996 617 1031 Marcellini
635 996 731 1030 libros
744 996 907 1034 intruserit.
933 996 1083 1042 Denique
1093 997 1212 1030 lacunas
1224 1010 1335 1032 omnes
1347 998 1618 1044 quaein„Editione
1630 1000 1699 1033 Ro-

52 1059 142 1083 mana
155 1046 286 1081 fideliter
304 1044 446 1092 expreslae
461 1043 598 1082 fuerant,
628 1044 820 1091 ipseinsertis
832 1044 988 1079 vocabulis
999 1045 1135 1089 explevit
1147 1067 1156 1082 ‚
1181 1057 1229 1079 aut
1245 1046 1285 1080 ita
1299 1047 1388 1080 co'r're
1409 1045 1502 1087 fecit,
1528 1048 1644 1081 nullum
1664 1057 1700 1081 ut

51 1107 153 1131 earum
165 1093 326 1142 vestigium
337 1093 743 1138 leetoribus-relinqueretur.
769 1095 877 1139 Itaque
890 1093 954 1128 haec
964 1092 1070 1127 Editio
1083 1093 1225 1127 omnium
1239 1093 1302 1128 fere
1313 1105 1450 1127 errorum
1466 1121 1475 1136 ,
1501 1095 1593 1142 quiin
1608 1097 1697 1130 Mar-

52 1142 156 1178 ‘celsini
169 1143 251 1178 libris
264 1151 450 1180 occurrunt,
480 1141 674 1176 seminarium
690 1140 804 1176 merito
817 1141 876 1176 dici
893 1141 1003 1187 potest.
1032 1139 1132 1184 Qod
1153 1141 1173 1175 si
1186 1142 1250 1189 quis
1271 1154 1338 1176 eam
1351 1141 1383 1175 in
1396 1154 1502 1176 manus
1514 1142 1701 1190 sumpserit}

51 1204 86 1227 ac
98 1190 146 1226 vel
157 1189 252 1239 ipsam
265 1189 393 1224 castelli
405 1189 579 1237 Epistolam
590 1190 697 1237 legerit
708 1215 719 1233 ,
747 1190 771 1224 is
783 1188 926 1237 profeci&
938 1189 1078 1224 fatebitur
1089 1189 1164 1224 nihil
1176 1190 1193 1224 a
1204 1191 1292 1224 nobis
1303 1190 1490 1238 exaggerari.
1516 1191 1599 1225 Huic
1609 1212 1619 1229 ‚
1644 1203 1702 1225 an·

53 1252 96 1274 no
109 1238 181 1287 post
193 1261 206 1277 ‚
230 1236 369 1273 succeffit
382 1237 490 1272 Editio
501 1237 670 1272 Basiliensis
683 1238 700 1273 Ξι
710 1238 852 1285 Johanne
866 1238 1021 1277 Frobenio
1030 1238 1137 1271 excusa
1149 1266 1157 1278 ,
1187 1252 1253 1285 quae
1267 1238 1500 1273 Bononiensem
1510 1239 1598 1274 illam
1609 1239 1702 1273 dum-

53 1290 135 1323 tax'at
143 1286 301 1335 expreffit.
331 1286 475 1321 Tandem
487 1286 562 1321 vero
576 1299 658 1321 anno
671 1288 911 1326 MDXXX‘IIL
937 1286 1098 1320 Editiones
1111 1287 1177 1320 duae
1189 1287 1350 1334 prodiere:
1365 1285 1448 1333 prior
1459 1286 1604 1334 Augustae
1616 1287 1703 1322 Vin-

56 1336 224 1383 delicorkum
237 1358 247 1374 ,
273 1334 463 1369 emendarat}
476 1335 671 1383 Mariangelo
683 1334 848 1370 Accurfio:
878 1334 1028 1382 posterior
1040 1332 1165 1368 Basileae
1177 1336 1254 1380 apud
1269 1335 1496 1380 Hieronymum
1509 1334 1706 1369 Frobenium»

55 1384 205 1432 Johannis
217 1383 314 1418 filium
326 1411 335 1424 ‚
364 1383 412 1417 cui
435 1381 552 1430 praefuit
573 1384 637 1430 Sig.
661 1382 824 1418 Gelenius.
851 1384 929 1416 Haec
943 1381 1092 1416 Calendis
1106 1381 1195 1425 Julii;
1223 1383 1272 1415 illa
1285 1382 1388 1416 mense
1399 1382 1487 1415 Maio
1497 1381 1633 1415 absoluta
1643 1382 1707 1418 est.-

58 1430 195 1479 Utraque
207 1430 301 1479 porro
314 1442 350 1464 ex
362 1430 544 1476 scriptorum
555 1432 697 1464 codicum
707 1430 771 1465 fide
779 1430 941 1464 emendata
952 1433 983 1464 &
995 1429 1094 1464 aneta.
1121 1430 1208 1463 Nam
1219 1428 1378 1462 Accursius
1390 1428 1484 1462 libros
1496 1428 1629 1476 quinque
1641 1441 1703 1476 po·-

57 1478 186 1516 stremos
197 1502 207 1519 ‚
218 1479 310 1527 quiin
323 1477 520 1524 superioribus
532 1477 730 1513 Editionibus
741 1478 888 1515 deerant,
904 1489 942 1510 ex
952 1476 1004 1510 suo
1015 1476 1123 1509 codice
1135 1476 1247 1522 primus
1259 1476 1380 1520 adjecit.
1409 1478 1446 1510 In
1458 1477 1605 1511 Editione
1620 1476 1704 1511 ver&

59 1524 463 1574 Gelenii‚qui1-lirsfeldensi
475 1524 786 1571 Mfiexemplariufus
795 1524 979 1564 est‚ultimus
990 1524 1066 1557 liber
1076 1535 1146 1557 cum
1160 1535 1296 1558 extrema
1307 1523 1449 1558 tricesimi
1465 1525 1572 1572 pagina
1583 1524 1702 1560 defide-

55 1586 146 1610 ratur.
161 1573 315 1608 Ceterum
329 1574 381 1607 has
393 1574 474 1607 inter
488 1573 517 1607 se
527 1573 690 1609 Editiones
701 1570 844 1616 conferre
853 1584 910 1606 nec
921 1571 1029 1606 inutile
1042 1570 1125 1610 mihi,
1133 1583 1188 1605 nec
1199 1572 1395 1617 injucundum
1406 1571 1472 1609 fuit.
1487 1574 1560 1608 Erat
1573 1573 1706 1621 quidemn

55 1624 88 1659 in
100 1619 226 1668 utroque
236 1622 347 1656 horum
360 1621 493 1656 virorum
505 1633 617 1669 magna
628 1620 832 1660 dofirina,.ut
844 1620 952 1667 scripta
964 1619 1114 1667 utriusque
1125 1619 1279 1655 testantur.
1305 1621 1365 1655 Sed
1385 1621 1417 1655 in
1442 1620 1581 1656 Gelenio
1602 1622 1706 1666 major=

55 1671 194 1720 quaedam
204 1670 321 1719 ingenii
334 1670 376 1705 vis
386 1692 396 1710 ‚
410 1673 438 1704 δι
455 1669 601 1715 judicium
612 1669 706 1704 acrius
717 1666 784 1705 fuit.
812 1670 908 1712 Qiozl
919 1667 995 1702 cum
1009 1668 1097 1702 multi
1107 1669 1243 1715 praeclari
1256 1668 1373 1703 labores
1382 1669 1461 1703 illius
1475 1669 1530 1704 viri
1543 1669 1698 1712 testantur,

55 1730 123 1754 tum
134 1719 269 1754 maxime
279 1718 549 1766 interpretationes
560 1719 680 1753 Latinae
691 1717 835 1766 Dionysii
846 1715 1113 1751 Halicarnassenfis
1124 1740 1133 1756 ‚
1146 1717 1284 1764 Appiani
1299 1745 1307 1758 ,
1319 1717 1459 1753 Philonis
1472 1717 1557 1752 item.
1567 1730 1601 1752 ac
1613 1717 1705 1762 Jose-

54 1767 128 1816 phi,
159 1766 307 1814 Origenis
320 1770 348 1801 &
363 1766 506 1805 aliorum,
531 1768 582 1801 Ex
603 1767 709 1814 quibus
720 1776 845 1813 apparet
856 1778 925 1800 eum
938 1765 1102 1800 excellenti
1116 1766 1242 1813 ingenio
1254 1768 1284 1799 &
1299 1765 1440 1814 singulari
1461 1766 1601 1801 doetrina
1624 1779 1707 1814 prae..

54 1813 154 1851 ditum
166 1813 260 1851 fuisse.
289 1815 346 1849 Sed
359 1818 388 1849 &
403 1815 566 1849 Ammiani
578 1815 752 1859 Marcellini
764 1814 895 1849 historiae
914 1814 952 1849 ab
962 1825 1001 1849 eo
1012 1813 1103 1848 editae
1118 1813 1146 1848 id
1159 1812 1256 1860 ipsum
1268 1813 1388 1849 abunde
1400 1813 1556 1851 testantur.
1584 1817 1620 1848 In
1635 1815 1707 1861 qui«.

54 1864 110 1898 bus
123 1863 250 1910 plurima
262 1863 348 1897 acute
362 1862 562 1910 &ingeniose
575 1864 751 1909 emendavit
763 1875 781 1906 ·‚;
795 1866 825 1907 δι
838 1862 986 1910 insignem
1001 1862 1177 1909 paginarum
1189 1861 1457 1908 transpositionem
1469 1884 1478 1900 ‚
1508 1862 1616 1909 quaein
1628 1861 1704 1901 Mff.

55 1912 200 1946 omnibus
222 1910 378 1945 codicibus
397 1910 564 1956 reperitur,
592 1914 623 1945 δε
645 1912 676 1945 in
686 1911 835 1946 Editione
854 1909 1121 1949 exstat-Accursii,
1136 1910 1211 1945 mira
1224 1910 1408 1945 dexteritate
1420 1909 1560 1948 restituit.
1576 1912 1707 1956 Qam-

54 1959 165 1994 obrem
185 1959 250 2002 ejus
274 1958 328 1993 viri
348 1958 469 1993 nomini
485 1959 618 1994 libenter
630 1959 689 1993 hoc
701 1959 796 1993 laudis
807 1958 1017 1994 testimonium
1030 1958 1223 2004 impertimus
1235 1981 1243 1997 ‚
1260 1959 1420 1993 neminem
1432 1957 1529 1992 adhuc
1541 1958 1709 1997 exstitifle,

54 2008 105 2055 qui
118 2007 156 2042 de
166 2006 290 2041 historia
303 2006 743 2043 Marcellinimeliiismeritus
753 2006 799 2042 sit.
822 2009 893 2048 ,Has
906 2006 1003 2042 secuta
1016 2006 1058 2041 est
1069 2007 1176 2041 Editio
1187 2007 1332 2042 frobenii
1354 2018 1437 2041 anno
1451 2007 1650 2042 MDXLVI.
1670 2006 1709 2040 in*

54 2068 111 2104 qua
122 2054 332 2103 ultimusliber
343 2053 506 2099 adjeetus,.
524 2062 557 2090 δι
571 2055 792 2104 quidamlocia
813 2055 917 2090 nescio
929 2067 989 2104 quo
1009 2055 1164 2090 emendati
1179 2057 1245 2089 sunt
1259 2084 1269 2102 ‚
1297 2067 1360 2103 ope
1378 2053 1533 2089 Editionis
1545 2052 1707 2100 ‘Augusta-

52 2116 102 2139 nae
113 2126 123 2143 ,
145 2108 179 2137 ’ut
190 2103 332 2152 equidem
347 2103 469 2140 censeor
497 2103 546 2138 Ex
559 2104 614 2138 hac
625 2100 771 2152 deinceps
785 2104 934 2139 Editione
946 2104 1069 2151 reliquae
1082 2116 1194 2138 omnes
1206 2101 1284 2138 cum
1296 2105 1327 2138 in
1341 2102 1446 2137 Gallia
1457 2123 1466 2139 ‚
1493 2111 1557 2136 tum
1571 2102 1602 2135 in
1617 2101 1704 2136 Ger-

52 2152 154 2187 mania
169 2161 344 2200 propagatae
360 2152 513 2188 videntur.
541 2154 657 2187 Donec
670 2153 836 2187 Fridericus
851 2151 1101 2200 Lindenbrogius
1113 2175 1123 2191 ,
1149 2152 1194 2186 vir
1205 2152 1340 2187 eruditus
1354 2162 1388 2184 ac
1409 2149 1559 2196 diligens,
1585 2162 1712 2185 novam-¹

53 2199 233 2235 Editionem
247 2199 398 2248 aggressus
408 2198 453 2234 est
465 2212 547 2241 anno
562 2202 735 2237 MDCIX.
765 2202 830 2244 Qui
855 2211 1056 2248 praeterquam
1078 2199 1162 2247 quod
1177 2200 1292 2246 aliquot
1319 2201 1406 2233 locos
1426 2197 1591 2245 Scriptoris
1608 2198 1712 2233 nostri-

55 2259 116 2295 ope
128 2248 187 2285 Ms.
201 2250 319 2284 codicis
332 2247 501 2283 Florentini
513 2242 638 2298 egregie
651 2250 822 2294 corrrexit3
843 2250 955 2296 primus
967 2249 1109 2283 omnium
1122 2248 1295 2282 Aunorem
1309 2247 1378 2281 sane
1390 2245 1610 2280 difficillimum
1633 2258 1711 2293 per-1

57 2296 152 2347 petuis
168 2296 444 2347 observationibus
460 2297 606 2334 illustrare
617 2298 698 2334 ausus
710 2297 764 2336 est.
790 2299 899 2348 yarias
912 2297 1043 2344 denique
1055 2295 1113 2331 Ms.
1128 2295 1244 2332 codicis
1267 2296 1416 2333 lectiones
1432 2293 1464 2346 in
1483 2295 1568 2346 calce
1578 2294 1713 2345 Editio-

937 2353 974 2388 <rc
1005 2346 1047 2390 3>
