2007 2658
685 100 1462 154 PRAEFATIO.

252 169 453 209 nominibus,
473 167 602 218 plurima
613 178 754 216 corrupta
767 167 1016 203 fuisl'einnuens?
1043 166 1275 207 FuitGraecus,
1295 164 1344 202 sed
1355 167 1461 217 utique
1472 165 1525 203 fuit
1535 166 1707 218 ingenuus,
1731 175 1767 202 ut
1789 165 1819 202 se
1839 165 1903 217 ipse

253 219 394 256 describit
402 241 413 257 ‚
422 229 460 253 ac
471 218 550 253 bene
559 227 646 252 natus
656 246 663 257 ,
686 227 719 251 ut
730 218 882 252 chricus
895 215 1030 251 Valesius
1041 239 1052 256 ,
1066 215 1170 252 nescio
1179 228 1232 251 cur
1239 217 1331 252 etiam
1342 217 1381 253 de
1391 218 1467 253 vitio
1476 229 1596 256 eorum,
1610 217 1659 265 qui
1670 215 1818 265 provetSta
1838 218 1902 262 jam

256 279 346 305 aetate
358 267 394 302 ad
405 266 498 301 studia
510 266 537 300 sc
549 264 710 300 conferunt
736 265 842 313 (quod
858 266 961 314 utiquc
978 264 1040 313 ipse
1051 265 1190 304 nescivit)
1206 266 1314 314 aliquid
1326 266 1443 312 jaCtans
1455 267 1563 313 prolia·
1576 289 1585 304 ,
1598 269 1629 301 &
1641 265 1713 300 binc
1725 277 1777 300 cur
1786 261 1900 302 nonad

256 315 407 365 utriusque
418 316 530 363 lingua:
544 313 680 362 peritiam
691 314 857 349 educatus?
868 314 950 349 unde
959 325 1132 363 quanquam
1147 313 1295 349 Graecum
1306 313 1336 349 sc
1347 314 1427 349 dicat
1438 315 1715 364 aliquoties‚tamc11
1727 315 1806 349 libro
1817 325 1899 350 Χῖαι

257 379 328 413 cap.
350 378 370 409 9
402 364 534 398 scribens
571 363 646 404 quod
678 365 781 398 cadere
804 375 853 397 nos
877 364 995 398 dtcimus
1015 385 1025 400 ‚
1051 375 1117 397 non
1138 360 1167 397 se
1185 362 1299 408 ejurare
1318 364 1501 399 Romanam
1522 363 1713 399 demonstrat
1736 362 1902 412 originem.

259 412 354 462 Qafi
367 425 433 447 non
445 411 573 461 operosa
586 412 684 446 moles
695 434 705 450 ,
730 411 859 447 varietas
868 423 967 446 rerum
979 434 990 451 ‚
1008 410 1095 446 series
1115 410 1248 446 historiae
1271 423 1323 459 per
1349 422 1397 446 tot
1411 413 1514 462 plagas
1534 422 1679 447 terrarum
1691 413 1809 452 euntis,
1837 413 1900 448 fin·

259 477 327 498 cera
342 460 411 496 fidei
424 474 458 496 ac
469 460 601 496 veritatis
612 461 728 494 cautela
742 487 750 500 ,
774 458 836 507 ipsa
847 459 951 508 magni
965 458 1058 494 animi
1070 458 1255 499 declaratio,
1274 460 1306 494 in
1327 459 1373 494 his
1394 460 1512 509 scriptis
1531 461 1709 496 mirabiliter
1722 461 1878 496 elucentes
1890 482 1903 500 ‚

257 514 359 547 immo
368 508 429 558 ipsa
439 510 581 558 loquutio
591 508 612 543 sl
625 521 690 544 non
704 508 817 556 optimi
827 508 924 543 saeculi
935 511 966 543 δι’
979 508 1145 543 commatis
1155 532 1164 548 ,
1184 509 1286 556 utique
1299 506 1338 541 sic
1348 510 1501 545 elaborata
1512 533 1522 550 ‚
1540 519 1574 544 ut
1587 521 1686 558 pateat
1697 522 1764 545 non
1776 519 1905 557 tempo-

258 561 366 596 rariam
385 571 420 594 ac
436 558 631 606 repentinam
651 567 726 591 tunc
743 555 846 596 fuiffe,
870 569 936 592 non
947 557 1030 592 brevi
1044 556 1162 604 puncto
1174 567 1325 605 arreptam
1337 578 1347 595 ,
1362 557 1410 592 sed
1423 559 1469 593 cui
1480 558 1517 594 ab
1530 560 1628 608 longo
1638 568 1781 606 tempore
1792 557 1905 593 melio-

260 610 341 645 ribus
361 607 572 643 incurnbendo
593 605 746 645 adsuerat,
771 604 869 641 ferme
889 609 1052 641 enuntians
1070 604 1212 641 universo
1229 605 1346 640 bellica·
1365 605 1436 640 vitre
1455 616 1597 655 tempore
1608 608 1674 643 suas
1685 605 1906 643 occafionesin

262 658 352 694 variis
364 653 813 703 commoditatibuslaxatisque
823 653 981 690 auctorem
993 653 1236 702 secrevisse‚quas
1249 652 1328 689 serio
1340 653 1523 702 impenderit
1536 654 1634 696 sibi,ut
1643 657 1706 702 jam
1719 666 1793 691 tunc
1803 654 1904 690 forsan

260 704 626 754 commentarios,postea
636 703 822 754 quandoque
831 703 1003 739 dilatandos
1014 705 1047 738 &
1058 702 1209 738 venustius
1218 701 1432 752 facundiusque
1441 703 1722 745 ornandos,senfim
1734 705 1796 740 coll
1837 704 1906 740 erit.

261 758 309 791 Ita
320 768 374 803 per
385 754 527 789 militiam
539 752 771 789 consummatus
781 780 790 796 ‚
810 765 849 800 ne
859 750 1006 802 digress'us
1020 751 1060 787 ad
1072 752 1165 788 larem
1181 753 1376 801 tranquillum
1389 753 1497 801 periret
1507 753 1575 788 otio
1587 775 1597 793 ,
1617 762 1667 788 aut
1675 764 1708 789 ut
1720 753 1796 789 alios
1839 751 1910 788 ciss'e
1944 756 1946 759 ’

261 815 334 840 tunc
345 805 461 840 Romae
471 802 615 844 ostendit,
629 804 724 838 multa
735 801 884 851 placentia
895 811 945 837 aut
955 801 1050 836 aliena
1061 800 1221 837 referendo
1232 802 1262 836 in
1274 801 1392 836 circulis
1404 812 1525 850 tempus
1536 811 1647 837 tereret
1656 814 1692 837 ac
1702 802 1844 851 pleraque
1854 800 1913 838 fal-

260 855 347 894 leret,
358 851 565 902 integritatem
574 851 670 887 animi
683 849 852 900 strupulosa
861 850 986 886 historia
995 848 1150 886 scribenda
1161 850 1358 890 declarando,
1371 851 1476 886 maluit
1486 862 1574 902 agere
1583 849 1705 887 eausam
1715 848 1914 899 posteritatis:

311 900 407 938 Unde
424 902 494 937 sane
509 901 602 936 etiam
621 901 730 950 dignus
747 909 831 941 erat,
851 909 884 936 ut
902 899 934 935 in
951 899 1014 935 hoc
1033 899 1170 936 fretenfis
1192 900 1314 935 Oceani
1332 900 1436 935 accola
1459 901 1599 948 populo,
1619 910 1711 950 quem
1729 898 1852 936 nonnifi
1871 897 1912 934 de

263 951 394 986 meliore
415 961 491 986 nota
508 949 627 985 novifl’e
648 949 679 985 se
698 947 833 985 ostendit
852 972 863 989 ,
890 951 1028 984 Batavos
1050 952 1084 984 δε
1103 947 1165 984 fere
1190 958 1338 997 perpetuo
1363 961 1422 984 una
1445 961 1517 984 curn
1536 948 1582 984 his
1603 948 1763 985 tendentes
1781 947 1910 987 Erulos,

263 999 317 1034 etsi
335 999 510 1048 regionibus
533 1003 567 1034 &
588 999 710 1048 origine
726 997 974 1038 discretiffimos,
987 998 1098 1033 virtute
1116 1007 1221 1033 tamen
1245 1001 1278 1033 &
1301 997 1423 1032 militari
1433 998 1529 1049 gloria
1540 998 1762 1045 convenientes
1780 997 1914 1044 junffitn

262 1060 443 1084 memorans
454 1071 463 1088 ,
485 1047 624 1084 ederetur
643 1047 678 1083 ad
699 1045 952 1096 cognoscendam
968 1047 1200 1096 'propinquioris
1218 1047 1370 1096 temporis
1381 1069 1392 1086 ‚
1404 1057 1494 1095 prout
1505 1045 1681 1082 facultatem
1702 1046 1822 1095 prabet
1835 1067 1847 1086 ,
1865 1057 1916 1081 ra-

264 1096 384 1132 tionem
396 1120 405 1137 ‚
418 1098 454 1133 &
464 1097 643 1144 multiplicia
655 1095 867 1146 supplementa
877 1096 1025 1132 tirociniis
1033 1096 1220 1132 exercituum
1234 1097 1455 1133 Rornanorum
1467 1109 1505 1131 ex
1513 1095 1560 1131 his
1569 1095 1714 1132 brevibus
1722 1092 1915 1144 regionibus,

265 1158 332 1193 qua:
343 1145 417 1181 inde
429 1157 551 1195 quoquc
561 1146 722 1181 exinanitae
732 1145 857 1180 tandem
868 1143 951 1181 fuere
961 1169 971 1185 ,
997 1145 1089 1193 petita
1107 1145 1143 1181 ad
1166 1144 1344 1181 suffulciend
1349 1158 1379 1179 as
1399 1143 1512 1194 ubique
1526 1140 1626 1180 ruinas
1637 1143 1766 1179 labantis
1776 1140 1914 1191 impu-ii.

264 1193 352 1236 Hic,
373 1195 518 1243 inquam,
539 1190 710 1230 merebatur
727 1193 874 1242 publicari
909 1197 964 1238 (&
983 1195 1046 1240 jam
1071 1195 1149 1230 olim
1170 1195 1297 1230 aliorum
1318 1193 1447 1229 eandem
1467 1191 1590 1229 constat
1607 1190 1690 1228 fuisse
1707 1191 1915 1232 sententiam)

263 1244 454 1278 Ammianus
465 1244 515 1278 ille
524 1266 533 1283 ,
547 1255 615 1279 non
623 1243 720 1278 nudus
731 1252 764 1279 ut
775 1242 932 1292 quondam
945 1246 977 1278 δε
988 1243 1183 1279 multitudine
1192 1242 1427 1278 foediffimarum‘
1440 1240 1578 1278 sordium·
1586 1241 1721 1280 oblitus,
1730 1238 1783 1276 fed
1794 1250 1914 1290 quanto

263 1302 372 1327 ornatu
383 1290 448 1326 fieri
462 1301 600 1339 poterat,
626 1291 750 1327 vestitus
761 1293 797 1328 &
809 1289 994 1340 purificatus.
1020 1293 1118 1340 Qod
1136 1290 1221 1328 certe
1238 1290 1347 1327 nostro
1367 1290 1477 1327 saeculo
1495 1291 1629 1341 contigit
1640 1299 1660 1331 ,ἑ
1677 1299 1742 1340 quo
1751 1287 1915 1338 historiam

264 1341 349 1375 illam
363 1340 498 1389 praeclari
508 1339 627 1376 duoviri
639 1350 723 1375 tanta
734 1339 870 1375 castitate
879 1339 1072 1377 versaverunt
1085 1364 1095 1380 ,
1118 1350 1153 1376 ut
1170 1353 1263 1389 quum
1278 1341 1407 1376 ineunte
1421 1339 1597 1376 etiamnum
1604 1349 1643 1375 eu
1654 1337 1777 1374 nonnisi
1787 1337 1915 1374 confit&

264 1389 403 1438 quaedam
414 1389 609 1437 ingenuitatis
622 1387 874 1424 suaeiineamenta
888 1387 1041 1436 praeferret
1051 1412 1062 1429 ,
1087 1391 1136 1425 vel
1148 1389 1252 1438 potius
1264 1401 1304 1425 ex
1321 1390 1404 1423 male
1420 1388 1602 1424 commixtis
1620 1387 1803 1436 quibusdam
1819 1386 1915 1422 literis

266 1438 390 1473 haberet
401 1437 595 1485 compositos
604 1434 704 1472 versus
714 1436 945 1472 incantamenta
954 1438 1043 1471 anilia
1054 1439 1089 1471 &
1100 1437 1271 1486 incongrue
1281 1436 1421 1486 quaedam
1439 1435 1595 1473 mussanda
1613 1435 1713 1486 magis
1722 1463 1732 1477 ,
1759 1433 1852 1484 'thnn
1863 1447 1915 1471 ar·-

267 1486 528 1531 ticulatambona:
539 1485 650 1521 mentis
659 1484 885 1533 expreffionem
907 1485 943 1521 &
961 1484 1143 1520 sententiam
1162 1484 1330 1520 humanam
1352 1482 1575 1524 continentes,
1598 1494 1682 1520 mm<
1708 1485 1832 1535 egregie
1853 1482 1916 1521 sese

267 1536 275 1571 i
279 1535 330 1585 pse
340 1533 510 1584 cognoscat
519 1558 530 1574 ,
557 1533 689 1570 &instar
700 1533 827 1570 redivivi
838 1533 995 1581 phoenicis
1015 1542 1066 1568 aut
1086 1532 1195 1569 exsulis
1208 1533 1303 1569 renati
1315 1531 1385 1582 post
1395 1532 1543 1569 tredecim
1556 1531 1663 1568 saecnla
1674 1530 1818 1568 ostentet.
1848 1535 1915 1568 Ita-

268 1597 328 1634 que
338 1583 449 1620 horum
463 1584 647 1619 memoriam
659 1583 756 1619 adoro
767 1605 778 1622 ,
802 1585 834 1618 δε
846 1593 918 1618 curn
933 1582 1094 1632 perutili&
1106 1582 1287 1632 pet-egregio
1295 1583 1515 1618 emolumento
1523 1582 1679 1632 evulgatas
1689 1581 1915 1628 lucubrationes

268 1631 443 1671 exosculor.
493 1634 561 1667 Has
595 1632 690 1668 cedro
725 1631 834 1680 dignas
851 1653 862 1672 ,
888 1632 943 1667 has
963 1630 1086 1668 refertas
1117 1622 1208 1678 bonis
1243 1630 1449 1667 studiosorum
1483 1631 1674 1676 adjumentis·
1698 1633 1731 1666 &
1761 1630 1916 1674 varietatis

269 1683 301 1717 in
312 1681 410 1717 docto
420 1681 549 1716 homine
562 1680 734 1731 flagitandae
744 1680 899 1729 specimen
911 1679 1124 1729 praeferentes,
1148 1678 1206 1716 ⁴has
1215 1680 1348 1728 denique
1366 1681 1402 1716 ad
1423 1680 1629 1715 eruditionem
1641 1702 1651 1720 ,
1676 1678 1856 1728 sapientiam
1876 1679 1915 1716 δι’

268 1731 476 1779 eloquentiam
488 1729 608 1765 semitas
621 1729 966 1778 planiffimas&unicas
975 1728 1106 1770 censeo,
1131 1733 1165 1765 &
1185 1729 1276 1779 quod*
1289 1730 1322 1764 in
1342 1740 1394 1764 me
1403 1728 1468 1769 est,
1492 1736 1634 1776 expertus
1647 1727 1724 1765 firm.
1751 1729 1800 1763 Sic
1818 1738 1914 1777 quum

271 1789 338 1815 tota
360 1790 430 1814 aetas
451 1791 520 1814 mea
547 1777 624 1826 saepe
634 1779 743 1828 gratias
755 1779 851 1831 egerit
861 1778 1016 1814 Friderico
1027 1778 1242 1829 Lindebrogio
1250 1780 1290 1827 ,ἃ
1301 1777 1443 1813 Hern'ico
1454 1776 1583 1813 Valefio
1594 1791 1604 1820 ς
1629 1786 1733 1812 tamen
1743 1778 1915 1825 gratulatus*

272 1829 438 1877 plurimum
451 1826 491 1862 fui
505 1827 572 1862 huic
587 1828 725 1876 scriptori
738 1827 824 1864 simul
836 1831 868 1863 δι
880 1827 949 1877 ipsis
962 1828 1196 1863 commentariis
1206 1850 1216 1867 ,
1242 1838 1336 1877 quum
1357 1836 1427 1862 ante
1447 1826 1555 1863 decem
1569 1838 1669 1862 annos
1679 1825 1796 1862 Parisiis
1806 1825 1918 1872 omnia

271 1879 309 1913 ab
322 1876 434 1912 Valefii
455 1875 545 1912 fratre
562 1875 714 1911 instaurari
735 1888 800 1912 non
822 1875 884 1911 {ine
909 1877 1022 1911 eximia
1040 1873 1213 1912 acceffione
1229 1875 1453 1924 intelligerem3
1483 1876 1596 1926 quippe
1615 1875 1696 1924 quod
1720 1874 1915 1911 nendnbita-

272 1928 343 1962 bam
357 1952 368 1969 ,
395 1926 467 1974 quin
479 1929 511 1960 &
524 1937 562 1960 ex
578 1926 686 1961 codice
699 1938 786 1962 antea
799 1937 864 1961 non
877 1924 941 1961 viso
953 1925 1060 1961 melius
1081 1925 1176 1973 aliqua
1197 1924 1400 1974 procederent
1409 1925 1601 1967 Ammian05
1629 1925 1665 1961 ἃ
1675 1923 1917 1972 ἰρΐασσῐηῐπειμ

271 1976 344 2010 tatia
355 1975 391 2010 ab
409 1974 536 2009 secunda
547 1983 639 2010 manu
655 2003 664 2015 ‚
692 1986 783 2021 quam
804 1986 858 2024 per
877 1982 928 2009 tot
943 1982 1043 2009 annos
1055 1973 1092 2008 ab
1103 1973 1227 2009 auotore
1236 1982 1394 2022 nunquam
1404 1973 1914 2020 carumirntnembreacceperant,

272 2025 423 2075 perpolita
436 2028 466 2059 &
482 2023 570 2059 :ruffa
585 2022 811 2072 exspectabam.
838 2022 937 2071 Qod
948 2032 1109 2072 utrumque
1117 2022 1240 2074 egregie
1252 2020 1416 2070 praestitum
1427 2016 1533 2071 pollen
1543 2019 1738 2071 cumgaudio
1760 2021 1836 2057 vidit
1847 2031 1915 2056 me-

273 2085 345 2108 cum
362 2073 397 2108 &
409 2073 536 2121 agnovit
546 2070 681 2108 universa
692 2071 817 2112 cohors,
831 2074 921 2120 q'uarn
933 2071 1065 2108 sarrffior
1076 2073 1218 2108 Minerva
1230 2072 1356 2108 detinet.
1383 2073 1486 2121 Atque
1496 2071 1568 2107 hinc
1579 2071 1663 2120 pomi
1674 2069 1796 2106 librario
1807 2069 1915 2106 auflm

272 2120 332 2157 effe
344 2143 353 2160 ‚
380 2131 412 2155 ut
423 2132 536 2157 curaret
548 2120 746 2171 multiplicata
765 2132 950 2170 quocunque
968 2121 1068 2156 modo
1088 2120 1170 2157 istius
1182 2120 1326 2157 editionis
1337 2119 1570 2170 exemplaria'ln
1580 2118 1716 2157 officinis
1730 2118 1778 2155 his
1785 2111 1913 2163 exstare.

274 2170 333 2206 Sed
345 2183 438 2218 quum
448 2170 499 2205 ille
508 2170 567 2206 huc
580 2183 631 2206 me
641 2170 794 2219 adigeret,
815 2179 848 2206 ut
858 2170 1007 2219 aperirem
1030 2193 1040 2210 ,
1066 2182 1102 2205 an
1125 2182 1190 2206 non
1213 2170 1310 2218 aliqua
1328 2169 1389 2205 illic
1401 2164 1522 2220 pollent
1542 2168 1670 2206 meliora
1681 2161 1844 2223 conspici,
1856 2167 1914 2204 ἱᾶ-

273 2231 334 2267 que
354 2219 374 2253 fi
396 2217 493 2267 posset
514 2232 530 2254 a
551 2232 602 2255 me
622 2219 813 2268 potissimum
835 2218 1037 2256 contenderet
1058 2218 1142 2259 fieri',
1170 2218 1258 2255 debui
1279 2219 1416 2256 cumillo
1428 2230 1517 2270 agere
1526 2217 1713 2268 simplicius-¹,
1733 2209 1913 2265 quodriune'

274 2266 353 2315 apud
371 2277 427 2308 te,
455 2268 499 2303 mi
523 2268 642 2308 lector.
668 2279 824 2318 repetam,
852 2276 884 2303 ut
902 2268 994 2308 scias,
1021 2269 1128 2318 quibus
1147 2269 1178 2304 in
1201 2269 1336 2316 partibus
1358 2269 1466 2319 aliquid
1487 2270 1520 2304 in
1529 2265 1913 2305 nitidiffimaillzreditione

275 2318 427 2363 potuerim
447 2316 610 2354 defiderare
629 2340 641 2359 ,
667 2322 699 2355 δι
719 2319 858 2368 spernere
877 2327 911 2354 ut
931 2318 1023 2355 nimis
1040 2318 1175 2369 gloriose
1193 2320 1231 2355 ab
1241 2319 1403 2356 Hadriano
1424 2319 1615 2364 iaffitat'um‚
1640 2316 1731 2354 issam
1740 2316 1914 2353 editionem
