2007 2658
548 65 920 110 HADRIANI
951 64 1242 113 VALESH
1273 63 1691 130 PRAEFATIO

257 157 415 193 intellestu
429 169 576 206 perquam
588 155 746 192 difficilem
756 155 908 204 perpetuis
921 153 1185 190 observationibus
1194 152 1342 203 exposuit
1356 170 1365 190 :
1394 155 1490 191 varias
1510 155 1602 191 etiam
1625 156 1738 193 codicis
1750 157 1921 195 Florentini

256 219 291 241 ac
304 208 441 254 priorum
452 206 624 242 editionum
636 205 788 240 lefflones
798 205 918 248 adjecit.
950 204 1219 255 Lindcnbrogium
1230 206 1323 250 Janus
1336 206 1487 242 Gruterus
1497 206 1619 253 excepit
1628 231 1639 246 ‚
1651 207 1701 255 qui
1715 209 1919 244 Ammianum

257 268 320 303 ope
331 256 440 292 veteris
450 255 567 290 codicis
578 254 776 289 emendatum
791 277 800 294 ‚
825 252 873 288 sed
890 253 1006 288 nudum
1034 254 1049 286 a
1074 255 1158 287 notis
1181 256 1215 289 ὅ(
1237 254 1500 290 observationibus
1512 256 1688 303 publicavit.
1716 256 1795 292 Hei'c
1807 268 1922 292 notan-

256 305 330 339 dum
350 304 394 340 est
417 328 426 344 ‚
456 303 630 339 Marcellini
649 315 686 338 xr
702 316 750 338 ιι.
780 303 899 349 priores
923 302 1038 339 libras,
1069 303 1176 349 quibus
1197 315 1242 336 res
1265 316 1313 341 cc.
1339 316 1397 339 Lvi
1413 316 1458 339 11.
1484 317 1636 339 annorum
1659 306 1923 347 continebantur,

255 353 380 389 summo
403 352 549 388 Historia:
570 353 727 387 Romanae
750 351 867 385 damno
890 352 921 384 in
943 350 1088 384 omnibus
1113 350 1215 397 priscis
1236 352 1393 387 codicibus
1417 352 1592 396 desiderari3
1621 353 1806 402 posteriores
1825 355 1925 391 libros.

256 403 438 438 oetodecim
452 414 539 450 paene
549 400 662 436 eisdem
675 413 708 434 ac
722 400 854 434 totidem
867 400 977 446 ubique
989 400 1103 433 lacunis
1116 399 1306 435 deformatos
1318 402 1451 449 reperiri.

310 452 360 485 Ad
372 452 453 486 hunc
465 451 557 500 igitur
570 451 698 484 modum
711 448 740 483 se
753 448 883 483 habebat
896 449 1082 483 Ammianus
1095 449 1303 488 Marcellinus,
1319 452 1352 486 ἃ
1363 450 1475 485 duabus
1489 450 1649 497 postremis
1660 454 1724 497 ejus
1734 453 1921 488 editionibus

256 501 392 549 plerique
404 498 646 548 adquiescebant.
661 498 818 532 Intellexit
832 498 985 532 Heuricus
1000 497 1136 533 Valesius
1148 497 1237 532 frater
1247 511 1344 536 meus,
1358 511 1493 534 veterem
1508 499 1563 534 bac
1576 500 1694 535 bonum
1707 500 1898 537 Historicum
1910 526 1920 542 ‚

256 550 365 595 injuria
381 560 559 597 temporum
573 570 583 587 ,
609 547 799 596 negligenti&
812 546 994 594 scriptorum
1006 571 1015 586 ,
1043 550 1075 582 δε
1089 547 1191 581 audaci
1204 549 1430 583 nonnullorum
1443 549 1764 585 Criticorum'inscitiz'i
1777 550 1923 598 deprava-

255 610 325 635 tum
347 611 381 633 ac
405 598 564 638 mutilum,
597 596 799 632 validioribus
821 596 964 630 remediis
984 596 1124 644 indigere
1143 619 1153 635 ‚
1181 606 1215 630 ut
1236 597 1267 630 in
1290 596 1449 644 pristinum
1470 598 1604 633 nitorem
1625 598 1829 634 restitueretur
1852 614 1860 634 ε
1889 604 1922 636 &

255 647 393 695 suscepto
404 646 553 694 improbo
567 646 671 681 labore
682 669 692 685 ‚
718 645 897 681 veterrimas
918 645 1093 680 Marcellini
1114 644 1284 688 editiones,
1314 658 1381 694 quae
1395 646 1489 681 nobis
1501 648 1750 684 membranarum
1763 661 1800 683 ex
1812 649 1923 697 quibus

256 697 402 733 desumtae
431 696 500 731 sunt
519 725 527 737 ,
557 695 650 730 instar
659 694 719 730 effe
730 695 845 730 debent
858 717 869 734 ,
894 693 1125 744 diligentissime
1137 695 1275 735 evolvit,
1302 697 1337 732 ὃς
1357 707 1430 731 cum
1451 696 1577 743 optimis
1589 697 1745 733 codicibus
1759 696 1826 734 mss'.
1840 711 1919 734 con-

255 747 343 788 tulit,
371 756 404 781 ut
425 745 614 782 celeberrimi
633 745 770 779 nominis
794 743 1007 785 Historicum‚
1037 754 1189 793 quantum
1208 742 1273 779 fieri
1286 755 1427 791 poterat,
1451 746 1641 783 emendaret.
1665 748 1712 782 Ut
1723 757 1824 783 autem
1837 748 1924 784 notis

255 795 390 834 diffusis,
417 795 518 830 dofris
538 808 573 830 ac
594 793 753 830 laboriosis
772 794 918 829 eumdem
937 794 1123 842 explicaret,
1147 795 1181 829 ὃ(
1201 794 1347 829 omnibus
1367 792 1460 829 fidem
1482 794 1736 844 diligentiamque
1747 796 1924 845 praessaret3

255 859 321 881 non
336 843 483 879 Historiae
495 843 599 881 solum
609 846 766 879 Romanae
782 845 952 891 Scriptores
966 844 1096 878 Latinos
1109 855 1143 878 ac
1158 843 1293 879 Graecos
1315 844 1349 879 ad
1374 843 1538 879 Ammiani
1556 855 1701 891 tempora
1715 846 1922 892 pertinentes3

255 894 306 930 sed
328 894 421 929 etiam
444 894 662 943 quoscumque
682 894 758 929 alios
778 894 907 942 aequales
931 895 993 937 ejus
1015 897 1111 927 aetatis
1122 903 1171 927 aut
1182 891 1341 940 suppares,
1370 896 1472 942 Leges
1483 906 1606 942 quoque
1616 895 1780 929 Romanas
1793 895 1926 930 Codicis

255 942 471 979 Theodosiani
482 943 592 979 εκαᾶἐ
605 944 744 993 perlegit.
771 945 817 978 Ea
828 943 948 977 ratione
960 942 1160 978 Marcellinus
1174 941 1189 976 a
1204 942 1324 977 mendis
1335 943 1569 991 quamplurimis
1588 942 1758 978 vindicatus
1769 967 1780 983 ‚
1793 944 1828 980 ὃς
1838 957 1924 980 anno

255 1006 291 1028 M.
307 1005 371 1030 DC.
384 1006 499 1030 xxxvx.
552 992 670 1029 Parisiis
692 992 735 1028 est
750 993 849 1028 editus
869 992 944 1028 vivo
956 992 1053 1026 adhuc
1067 990 1324 1041 Lindenbrogio:
1353 994 1389 1029 ὃ(
1402 992 1461 1027 una
1475 1004 1545 1027 cum
1556 991 1744 1028 difficillimis
1756 992 1923 1042 quibusque

255 1043 407 1079 Auctoris
416 1043 494 1078 locis
509 1044 668 1079 Romanae
678 1055 786 1077 eorum
796 1052 977 1090 temporum
987 1041 1183 1089 antiquitates
1194 1053 1229 1075 ac
1241 1042 1325 1091 leges
1337 1064 1346 1080 ,
1372 1042 1538 1090 dignitates
1552 1042 1698 1076 Palatinae
1709 1065 1723 1082 ,
1746 1043 1851 1077 civiles
1863 1065 1874 1082 ‚
1886 1054 1924 1077 ac

254 1092 403 1128 militares
413 1092 591 1139 explicatae.
620 1092 711 1128 Nihil
724 1090 861 1127 Valesius
877 1090 1027 1139 intactum
1041 1113 1052 1130 ‚
1075 1088 1152 1124 nihil
1174 1090 1359 1125 intentatum
1381 1091 1524 1139 reliquit:
1551 1090 1656 1124 nullos
1683 1090 1776 1133 (siita
1788 1091 1872 1138 loqui
1885 1091 1924 1125 li-

254 1146 327 1180 cet)
355 1140 500 1189 scopulos
519 1151 606 1176 metu
628 1141 752 1188 periculi
772 1150 821 1174 aut
839 1139 952 1174 laboris
978 1139 1094 1175 vitavit.
1123 1139 1255 1175 Miratus
1275 1139 1320 1174 est
1340 1139 1457 1175 Letfflor
1477 1138 1643 1174 sollertiam
1665 1167 1675 1180 ,
1704 1139 1923 1186 sagacitatem,

255 1202 386 1225 acumen
397 1214 408 1232 ‚
433 1188 613 1226 felicitatem
624 1190 719 1224 etiam
734 1189 871 1224 hominis
883 1187 1064 1238 singularem
1075 1189 1106 1223 in
1116 1189 1307 1237 corrigendis
1325 1188 1488 1236 desperatis
1497 1188 1659 1223 Ammiani
1680 1188 1779 1230 locis;
1805 1187 1923 1223 doetri-

254 1251 331 1274 nam
346 1239 378 1274 in
389 1239 604 1287 exponendis:
631 1237 809 1273 altiffimum
820 1240 884 1284 ejus
894 1238 1053 1287 ingenium
1066 1261 1075 1278 ,
1102 1238 1283 1273 acerrimum
1303 1238 1449 1284 judicium
1469 1266 1477 1278 ‚
1504 1238 1618 1272 variam
1639 1249 1672 1271 ac
1691 1237 1927 1274 interminatam-

255 1287 464 1324 eruditionem
476 1298 543 1323 tum
555 1288 685 1336 agnovit
697 1287 823 1335 quisque
835 1297 924 1333 atque
934 1286 1074 1335 suspexit.
1125 1286 1275 1334 Superfuit
1287 1287 1425 1323 Valesius
1435 1287 1562 1322 editioni
1573 1286 1737 1321 Ammiani
1750 1285 1836 1321 annis
1848 1299 1922 1334 qua-

255 1337 407 1385 draginta.
435 1341 493 1372 Per
503 1346 553 1372 tot
564 1349 664 1371 annos
677 1337 749 1371 licet
760 1335 909 1370 Historiae
918 1335 1136 1370 Ecclesiasticae
1148 1335 1268 1385 aliisque
1279 1337 1423 1384 operibus
1435 1346 1557 1373 vacaret
1569 1359 1580 1376 ‚
1605 1334 1680 1370 nihil
1692 1334 1742 1370 sibi
1752 1335 1923 1382 patiebatur

256 1386 336 1421 elabi
351 1414 360 1428 ‚
383 1386 466 1435 quod
480 1386 518 1420 ad
533 1386 741 1420 Ammianum
753 1385 972 1421 Marcellinum
988 1385 1174 1432 pertineret:
1196 1396 1228 1420 ut
1240 1383 1373 1433 quidque
1389 1395 1564 1420 occurrerat
1576 1408 1587 1424 ‚
1607 1383 1713 1419 sedulo
1735 1384 1903 1419 adnotabat
1914 1407 1929 1427 ,

258 1434 383 1470 &libro
393 1434 446 1470 suo
458 1434 580 1469 curabat
590 1433 728 1469 adscribi.
780 1434 830 1467 Sic
840 1432 947 1467 sensim
959 1443 1155 1470 accreverunt
1174 1434 1409 1469 emendationes
1423 1431 1711 1481 observationesque
1721 1461 1729 1474 ‚
1755 1443 1843 1468 tanto
1853 1434 1924 1480 'plu-

256 1483 295 1518 ris
313 1481 461 1517 faciendae
473 1506 482 1522 ‚
504 1493 621 1531 quanto
641 1482 757 1516 altioris
776 1493 810 1516 ac
833 1480 1030 1515 diuturnioris
1047 1490 1135 1514 erant
1157 1482 1380 1517 meditationis.
1404 1485 1466 1517 Hae
1489 1482 1719 1517 observationes
1729 1494 1763 1517 ac
1772 1482 1922 1516 ernenda-

258 1533 360 1567 tiones
378 1543 492 1571 novae,
515 1534 548 1566 &
569 1531 672 1566 raritas
694 1531 848 1567 venalium
868 1528 1093 1575 exemplarium
1116 1528 1243 1564 alteram
1267 1530 1430 1565 Ammiani
1451 1531 1624 1566 Marcellini
1635 1530 1818 1566 Editionem
1829 1530 1923 1566 tacite

259 1580 465 1629 postulabant.
492 1580 580 1617 Vivo
591 1579 688 1615 adhuc
700 1578 827 1615 Valefio
837 1607 847 1620 ‚
861 1590 952 1613 novae
967 1577 1104 1613 Editioni
1114 1577 1237 1612 Blavius
1247 1578 1479 1627 Typographus
1490 1581 1622 1614 Batavus
1632 1601 1640 1617 ‚
1662 1577 1735 1626 post
1743 1590 1783 1613 eo
1795 1590 1921 1614 mortuo

258 1630 430 1666 Elzevirius
443 1628 578 1675 ejusdem
588 1628 724 1678 regionis
734 1626 966 1677 Typographus
978 1625 1173 1663 imminebat.
1194 1627 1366 1662 Interceffit
1387 1626 1606 1663 Illustriilimus
1621 1627 1788 1662 Colbertus
1797 1649 1807 1666 ‚
1819 1630 1851 1662 δε
1863 1639 1922 1675 pro

259 1678 380 1715 summa
390 1678 439 1714 sua
450 1679 480 1713 in
494 1679 609 1713 litteras
619 1677 829 1726 litteratusque
849 1677 1007 1717 voluntate
1019 1675 1242 1716 ‚Ammianum
1253 1676 1390 1711 Luteciae
1412 1677 1629 1725 publicandum
1644 1675 1780 1715 curavit,
1800 1688 1835 1711 ac
1844 1676 1924 1712 mihi

260 1728 402 1764 editionis
422 1740 525 1764 curam
545 1726 682 1777 onusque
699 1725 860 1775 delegavit.
903 1724 1088 1773 optandum
1109 1724 1234 1773 quidem
1250 1724 1451 1766 mihifuerat‚
1477 1737 1510 1761 ut
1522 1725 1600 1761 meis
1611 1723 1805 1773 potiusquam
1816 1725 1921 1760 alienis

261 1777 405 1826 operibus
416 1790 524 1813 manus
536 1778 738 1812 admoverem
751 1799 761 1816 ‚
782 1778 814 1810 δι
828 1774 928 1823 magis
937 1784 969 1809 ut
979 1774 1109 1821 propriis
1129 1773 1222 1822 quarn
1243 1775 1348 1810 alienis
1364 1774 1482 1823 scriptis
1492 1771 1855 1810 edendisinclarescerem
1870 1788 1878 1808 ε
1899 1773 1920 1809 si

263 1838 368 1862 tamen
393 1827 489 1861 aliena
509 1826 569 1862 dici
589 1825 711 1874 possunt
727 1848 738 1865 ‚
758 1837 827 1874 quae
838 1835 900 1859 arta
912 1822 1064 1872 sanguinis
1076 1826 1108 1858 &
1120 1823 1258 1858 nominis
1270 1837 1306 1858 ac
1317 1824 1388 1859 vita:
1399 1824 1632 1868 studiorumque
1644 1822 1852 1857 communitas
1862 1835 1920 1870 pro

264 1875 442 1911 domesticis
454 1875 556 1910 haberi
577 1875 672 1921 jubet.
700 1876 797 1910 Ultro
806 1873 897 1922 igitur
909 1874 991 1919 parui
1002 1872 1152 1908 mandatis
1163 1871 1339 1920 amplissimi
1352 1871 1640 1910 &excellentiffimi
1653 1871 1730 1910 viri,
1749 1871 1797 1905 cui
1816 1872 1882 1915 jure
1901 1871 1918 1906 a

263 1938 418 1974 quoquam
430 1924 532 1973 negari
545 1923 619 1959 nihil
633 1922 734 1972 potest
744 1945 754 1962 ‚
767 1926 799 1958 δι
812 1921 930 1957 cunecis
943 1920 1077 1968 sepositis
1088 1932 1156 1968 quae
1167 1921 1199 1955 in
1211 1921 1350 1956 manibus
1358 1921 1508 1957 habebam
1521 1945 1530 1959 ‚
1550 1921 1619 1956 huic
1631 1921 1683 1955 uni
1693 1920 1822 1968 negotio
1835 1930 1920 1955 totus

265 1987 373 2010 vacare
384 1973 539 2010 constitui.
591 1975 642 2008 Ac
667 1972 807 2020 primum
827 1970 950 2019 singulis
961 1969 1123 2004 Ammiani
1135 1968 1219 2004 libris
1234 1968 1314 2004 suam
1328 1971 1489 2018 epitomen
1501 1970 1581 2005 varia
1590 1971 1621 2005 in
1633 1969 1732 2015 capita
1743 1966 1918 2004 distinctam

267 2022 414 2071 praeposui
427 2052 434 2063 ,
460 2032 493 2058 ut
514 2021 617 2057 cuntffi
637 2022 709 2071 quid
728 2031 918 2069 unoquoque
938 2017 1018 2052 libro
1039 2017 1267 2058 contineretur,
1294 2017 1396 2055 statim
1416 2020 1447 2054 in
1468 2020 1566 2068 prima
1578 2019 1642 2065 ejus
1661 2016 1764 2052 fronte
1774 2027 1919 2054 notatum

267 2070 480 2120 conspicerent
493 2086 501 2106 :
528 2071 644 2121 singula
658 2071 756 2119 capita
769 2067 910 2117 cujusque
918 2067 1073 2115 epitomes
1093 2066 1283 2116 marginibus
1295 2069 1472 2116 paginarum
1485 2068 1537 2104 suo
1547 2067 1690 2117 quodque
1700 2066 1808 2101 ordine
1819 2079 1919 2115 appo-

264 2121 330 2156 sui:
358 2123 585 2168 Imperatorum
605 2121 734 2156 nomina
747 2142 757 2159 2
785 2118 865 2167 paria
888 2115 1062 2152 Consulum
1077 2140 1088 2157 ,
1109 2117 1145 2152 &
1164 2129 1262 2152 annos
1275 2117 1388 2153 Christi
1407 2119 1470 2153 nati
1482 2117 1604 2166 singulis
1616 2115 1756 2166 paginis,
1768 2125 1918 2163 quantum

268 2169 331 2204 fieri
344 2170 583 2218 potuit‚exaste
599 2168 735 2218 praefixi,
755 2178 788 2204 ut
812 2169 950 2216 legentes
966 2164 1068 2201 statim
1090 2163 1223 2205 scirent,
1245 2165 1299 2201 sub
1317 2179 1380 2216 quo
1399 2168 1530 2216 quidque
1550 2166 1693 2213 Principe
1705 2167 1737 2199 &
1750 2176 1814 2213 quo
1834 2177 1920 2200 anno

267 2219 388 2269 gestum
410 2217 493 2255 esset.
521 2222 557 2253 In
575 2219 750 2254 Ammiano
769 2217 898 2255 deletis,
922 2227 989 2264 quae
1007 2215 1169 2250 communi
1189 2214 1358 2252 doctorum
1381 2215 1528 2252 consensu
1539 2214 1686 2251 mendosa
1699 2213 1919 2250 &damnanda

267 2278 372 2307 erant,
398 2267 631 2302 emendationes
650 2266 783 2306 valesii,
803 2266 995 2301 Criticorum
1017 2276 1051 2299 ac
1072 2273 1210 2300 veterum
1231 2265 1478 2302 membranarum
1493 2265 1673 2301 austotitate
1692 2260 1918 2302 confirmatas,

262 2315 405 2365 quasdam
423 2317 517 2352 etiam
539 2316 620 2352 certfi
643 2314 826 2368 conjectura
840 2312 931 2352 fretas
953 2312 1098 2367 substitui.
1150 2315 1235 2367 Qua:
1259 2328 1276 2366 a
1294 2317 1452 2367 nonnullis
1471 2316 1508 2353 ad
1523 2312 1712 2365 implendam
1732 2311 1917 2349 sententiam
