2007 2658
284 91 381 158 696
452 93 1032 142 LlB-XXX[·CAP·X11·
1103 93 1220 151 Ὕῖῧῗ
1233 92 1873 155 {3‘3:110'35325051250325⁰3:0⁴3av·³‘⁰¹⁶

1160 144 1167 152 .
1222 145 1226 151 .
1483 145 1489 152 .
1531 145 1536 151 .
1619 147 1624 152 .
1785 137 1841 162 ³7⁸·

284 172 439 221 periens
454 197 463 215 ‚
498 170 771 211 Richomerem
785 172 985 212 Comitem
998 170 1307 211 Domesticorum
1320 169 1481 225 suscepit
1493 170 1538 210 ab
1551 171 1691 212 eodem
1707 173 1944 227 imperatore

284 222 509 277 praemill'um
522 241 608 267 cum
622 228 783 271 litteris,
815 227 934 283 ipsum
947 240 1103 282 quoque
1125 238 1327 267 venturum
1359 240 1451 266 mox
1477 226 1740 268 indicantibus.
1771 229 1944 285 Qarum

285 291 393 320 textu
407 294 538 323 oratus
551 296 592 323 ut
607 284 885 339 praestolaretut
898 284 1099 339 paullisper
1110 283 1367 337 periculorum
1381 285 1606 338 participem
1621 314 1630 328 ‚
1659 286 1758 326 nc've
1773 285 1944 340 abruptis

283 334 561 380 discriminibus
576 353 721 380 temere
734 340 853 380 semet
865 344 1132 380 committeret
1147 338 1287 378 solum:
1305 338 1484 379 adhibitis
1499 343 1535 379 in
1553 339 1754 381 consilium
1778 342 1946 396 potessa-

282 391 382 432 ribus
400 399 510 435 variis
523 424 532 442 ‚
565 397 656 451 quid
674 397 776 437 facto
789 410 887 451 opus
914 395 1007 435 eslet
1021 394 1263 435 deliberabat.
1296 399 1343 434 Et
1355 395 1440 434 cum
1456 396 1677 437 Sebastiano
1691 396 1850 438 auctore
1860 401 1943 452 qui-

282 446 369 488 dam
382 463 561 504 protinus
574 453 739 494 eundum
751 452 794 492 ad
806 464 1002 492 certamen
1016 463 1196 506 urgerent
1211 469 1218 490 2
1233 450 1371 491 Victor
1389 456 1545 492 nomine
1558 453 1738 509 Magister
1750 457 1937 509 equitum,

284 503 299 529 ¹¹
321 505 513 551 Sarmata,
545 508 609 549 sed
624 509 828 549 cunctator
844 514 881 550 δε
900 520 1054 552 cautus,
1087 507 1220 547 eadem
1241 506 1493 547 sentientibus
1515 508 1645 549 multis
1661 540 1671 554 ‚
1703 512 1856 565 Imperii
1880 509 1940 551 so-

281 562 379 601 cium
393 564 602 619 exspectari
619 565 795 605 censebat
810 577 870 604 :ut
895 567 1143 604 incrementis
1167 565 1360 603 exercitiis
1388 564 1575 604 Gallicani
1597 565 1749 606 adscitis
1762 598 1772 615 ,
1805 570 1939 621 oppri-

279 629 451 660 meretur
465 620 586 661 levius
601 634 729 660 tumor
741 621 952 660 barbaricus
965 621 1174 660 flammans.
1211 623 1312 660 Vicit
1328 632 1456 659 tamen
1467 619 1610 661 funesta
1623 623 1809 677 Principis
1830 621 1940 662 desti-

279 676 388 714 natio
406 704 415 720 ‚
451 681 488 718 &
502 676 694 716 adulabilis
707 676 960 730 quorumdam
973 676 1163 716 sententia
1175 679 1364 729 regiorum
1379 679 1525 731 :quine
1537 681 1871 733 paenejamNpartae
1882 682 1941 719 vi-

279 728 411 771 ctoriae
435 740 451 780 (
465 745 506 772 ut
520 732 801 786 opinabantur)
824 733 986 773 consors
999 732 1111 773 fieret
1126 734 1332 772 Gratianus
1347 762 1355 777 ‚
1388 736 1587 788 properari
1599 733 1707 773 cursu
1719 733 1836 774 celeri
1858 734 1939 775 sua-

275 782 429 827 debant.
460 792 508 827 Et
521 787 611 827 dum
629 787 831 829 necessaria
851 789 1079 844 parabantur
1091 788 1137 830 ad
1160 788 1445 828 decernendum
1459 818 1470 837 ‚
1503 789 1706 830 Christiani
1731 793 1825 831 ritus
1847 791 1940 831 Pre-

275 838 413 897 sbyter
428 851 445 892 (
458 855 499 883 ut
515 842 579 898 ipsi
595 845 826 900 appellant)
850 844 975 886 missus
988 850 1009 885 a
1021 847 1234 901 Fritigerno
1247 845 1392 900 legatus
1404 859 1490 886 cum
1506 845 1588 886 aliis
1603 845 1807 887 humilibus
1828 850 1938 888 venit

273 897 322 937 ad
337 901 522 954 Principis
533 900 666 940 castra:
680 901 950 956 susceptusque
964 901 1124 946 leniter,
1142 900 1574 955 ejusdemqueduc‘toris
1599 901 1741 942 obtulit
1761 902 1902 958 scripta
1921 931 1936 951 ‚

274 959 446 1008 petentis
459 956 657 1012 propalam
671 969 713 997 ut
726 958 790 997 sibi
817 957 964 1012 suisque
979 983 990 1002 ,
1018 970 1119 1012 quos
1131 969 1308 996 extorres
1320 959 1452 1011 patriis
1472 957 1609 998 laribus
1630 958 1751 1013 rapidi
1773 957 1939 1000 ferarum

273 1014 445 1065 gentium
459 1025 620 1068 exegere
630 1012 815 1054 discursus
829 1042 840 1062 ‚
870 1013 1075 1054 habitanda
1086 1012 1248 1053 Thracia
1261 1012 1340 1052 sola
1350 1027 1437 1053 cum
1457 1026 1601 1068 pecore
1621 1017 1728 1054 omni
1742 1014 1938 1055 concede-
1995 1046 2007 1048 -

274 1066 611 1123 retur&frugibus
625 1087 633 1108 ε
647 1068 722 1109 hoc
735 1073 944 1125 impetrato
959 1099 968 1114 ‚
998 1068 1231 1124 spondentis
1251 1080 1478 1122 perpetuam
1504 1082 1652 1121 pacem.
1686 1072 1829 1110 Praeter
1856 1069 1937 1111 haec

272 1121 375 1162 idem
397 1123 634 1166 Christianus
645 1137 687 1166 ut
698 1127 874 1166 conscius
886 1138 1112 1166 arcanorum
1127 1129 1165 1166 &
1178 1123 1278 1164 fidus
1289 1153 1298 1169 ,
1330 1124 1496 1165 secretas
1520 1124 1611 1165 alias
1633 1123 1803 1177 ejusdem
1822 1126 1938 1181 Regis

272 1179 576 1222 obtulitlitteras
590 1210 601 1228 ‚
631 1185 696 1236 qui
709 1183 834 1224 astu&
848 1180 1268 1223 ludificandivarietate
1280 1183 1438 1223 nimium
1470 1180 1606 1221 sollers
1622 1209 1635 1230 ‚
1666 1180 1835 1222 docebat
1861 1185 1939 1223 Va-

271 1234 419 1275 lentem
432 1236 534 1290 quasi
549 1251 643 1279 mox
655 1241 796 1279 amicus
808 1238 956 1279 futurus
969 1243 1007 1280 ὅ(
1021 1238 1145 1279 socius
1156 1268 1165 1284 ‚
1198 1238 1309 1278 aliter
1319 1237 1358 1278 se
1372 1237 1613 1293 popularium
1634 1237 1815 1280 saevitiam
1837 1237 1938 1278 mol-

272 1289 342 1330 lire
354 1305 434 1332 non
447 1291 554 1347 posse
566 1324 576 1340 ‚
607 1295 667 1335 vel
679 1294 724 1335 ad
738 1294 993 1335 condiciones
1006 1298 1059 1335 rei
1071 1296 1253 1335 Romanae
1267 1293 1487 1348 profuturas
1499 1294 1654 1334 allicere
1667 1324 1677 1340 ‚
1693 1293 1761 1334 nifi
1774 1293 1938 1335 subinde

270 1360 457 1388 armatum
472 1349 601 1390 iisdem
609 1354 721 1402 juxta
735 1351 964 1392 monstraret
978 1354 1188 1391 exercitum
1203 1378 1214 1398 ,
1231 1355 1267 1392 &
1284 1353 1426 1391 timore
1440 1352 1682 1405 imperatorii
1696 1352 1865 1391 nominis
1877 1353 1937 1392 in-

272 1415 451 1452 tentato,
484 1418 553 1446 eos
576 1407 596 1446 a
622 1407 841 1462 pernicioso
867 1407 1057 1464 pugnandi
1082 1419 1283 1448 revocaret
1303 1406 1452 1448 ardore.
1485 1411 1534 1447 Et
1547 1406 1660 1463 legati
1671 1405 1826 1461 quidem
1857 1415 1870 1440 ⁵
1891 1417 1936 1448 ut

270 1459 433 1516 ambigui
448 1460 578 1502 frustra
591 1462 708 1503 habiti
726 1462 984 1504 discesserunt.
1018 1467 1229 1504 Exoriente
1239 1465 1336 1506 vero
1354 1477 1489 1504 aurora
1500 1459 1578 1503 diei'
1587 1492 1597 1508 ,
1629 1476 1743 1518 quem
1755 1465 1936 1517 quintum

271 1515 405 1556 lcluum
421 1519 675 1574 Augustarum
690 1533 868 1560 numerus
880 1519 1048 1561 ostendit
1072 1520 1242 1570 annalis,
1276 1519 1379 1574 signa
1407 1520 1654 1576 praepropere
1679 1532 1938 1561 commoven-

271 1582 335 1611 tur
346 1600 357 1618 ‚
390 1574 679 1628 impedimentis
693 1581 730 1618 δε
743 1576 895 1616 sarcinis
908 1590 1032 1631 prope
1047 1575 1388 1631 Hadrianopoleos
1400 1589 1532 1617 muros
1543 1589 1630 1617 cum
1652 1576 1849 1632 legionum
1872 1587 1935 1616 tu-

271 1626 526 1685 telacongrua
538 1631 766 1671 conlocatis.
790 1631 972 1672 Thesauri
987 1636 1089 1672 enim
1105 1638 1142 1674 &
1157 1633 1380 1687 Principalis
1403 1632 1568 1673 fortunae
1597 1631 1753 1688 insignia
1771 1643 1899 1672 cetera
1920 1660 1931 1677 ,

271 1697 358 1725 cum
371 1684 611 1729 Praefecto&
637 1686 934 1729 Consistorianis
955 1688 1097 1728 ambitu
1116 1691 1297 1728 moenium
1321 1688 1563 1729 tenebantur.
1596 1685 1773 1728 Decursis
1802 1691 1932 1743 itaque

309 1787 321 1811 5
342 1781 370 1806 ’νό
383 1787 413 1807 ut
429 1779 492 1817 deest
513 1780 548 1808 al.
1123 1791 1187 1809 num
1198 1799 1204 1809 ,
1215 1782 1333 1817 aliosque
1342 1790 1439 1817 genere
1451 1782 1611 1809 Alamannos
1622 1781 1768 1817 plurimum
1777 1781 1847 1818 apud
1855 1780 1932 1808 Con-

1123 1819 1404 1855 stantiumpotuisl'ein
1417 1820 1451 1846 lib
1470 1819 1626 1846 xiv.rradit.
1646 1819 1730 1845 Gothi
1748 1825 1860 1854 quoque
1874 1826 1933 1844 non

308 1851 325 1878 h
344 1853 670 1891 Vic‘feri'llagisi'i-requitwn
687 1861 809 1883 armatus.
829 1857 841 1892 ]
866 1856 896 1882 In
915 1854 1007 1883 ultima
1023 1862 1088 1880 voce
1122 1858 1194 1892 pauci
1210 1865 1268 1883 tum
1286 1857 1497 1892 imperatoribus
1523 1857 1652 1883 Romanis
1677 1855 1838 1884 militabant.
1861 1856 1933 1881 inter
1992 1859 2007 1889 ᾗ

269 1889 377 1917 videtur
388 1890 630 1918 mcndumsubesse.
655 1893 685 1918 In
704 1893 790 1927 Regio
814 1892 920 1929 quidem
944 1891 1087 1928 exemplari
1120 1902 1190 1928 quos
1203 1895 1311 1920 Nevitta
1320 1895 1432 1920 eminuit
1444 1903 1449 1920 t
1460 1903 1492 1920 ne
1507 1896 1569 1929 quis
1585 1895 1699 1920 miretur
1713 1892 1869 1922 Viitotenb
1883 1892 1937 1918 ho-

267 1926 496 1963 scriptuminvcni
508 1939 514 1953 :
525 1928 643 1964 Magister
651 1931 761 1965 (quitum
779 1936 898 1958 armata.
915 1927 970 1959 (Tc.
989 1929 1041 1964 [ut
1059 1930 1085 1956 &
1119 1932 1216 1957 minem
1227 1932 1405 1960 Sarmatam,in
1414 1930 1655 1958 exercituValentis
1667 1929 1932 1965 Magisteriumequi-

271 1965 298 1990 in
309 1965 473 1992 Colbertino
483 1985 490 1996 ,
511 1975 560 2001 pro
571 1974 628 2001 quo
637 1968 757 1992 Sarmata
774 1966 842 1994 haud
857 1964 935 1993 dubie
951 1975 1086 2001 reponen-
1119 1976 1177 1994 tum
1187 1967 1296 2002 gcffissc,
1317 1968 1430 2003 Vulgata
1441 1968 1548 2004 quidem
1562 1969 1693 1995 Ammiani
1709 1966 1785 1994 leffio
1794 1965 1859 1993 ferri
1874 1975 1933 1994 non

271 2000 335 2027 dum
343 2001 389 2028 est.
410 2004 483 2029 sicin
497 2002 564 2029 libro
575 2012 638 2029 xxv.
649 2002 717 2029 idem
733 2003 818 2030 codex
835 2003 1014 2030 Colbettinus
1033 2005 1086 2029 Ar·
1118 2003 1218 2039 potest,
1239 2014 1266 2031 ac
1276 2004 1349 2031 sensu
1362 2005 1626 2033 omnicarerd'mor
1641 2003 1758 2039 Magister
1766 2006 1877 2040 equitum
1885 2012 1932 2032 ar-

269 2040 349 2066 matis
357 2048 406 2074 pro
416 2041 542 2066 Sarmatis
552 2040 658 2075 praeferr
668 2039 736 2067 hisce
745 2041 877 2067 verbis:Ue
886 2042 1023 2067 mia-ticum
1035 2042 1087 2065 Ar-
1117 2047 1215 2068 marm,
1230 2039 1556 2075 sedcunfi‘ator&cautus.
1577 2040 1656 2078 Qasi
1673 2042 1720 2077 qui
1740 2039 1888 2077 Magistrum
1904 2048 1930 2067 e-

271 2075 330 2101 Hois
339 2078 456 2103 Arma'tis
465 2074 613 2108 GaHi‚&c.
632 2077 775 2104 Contrain
785 2077 957 2105 eodemlibro
965 2086 1028 2104 xxv.
1039 2086 1086 2104 co·
1115 2080 1211 2114 quitum
1219 2079 1332 2114 aliquem
1343 2087 1434 2107 vocat.
1457 2079 1788 2107 nccess‘ehabeatarmatum
1803 2077 1931 2112 adjicere:
1972 2096 1976 2100 .

270 2111 320 2138 dex
333 2114 413 2140 Colb.
431 2116 564 2141 Sarmatas
572 2124 622 2151 pro
631 2121 744 2141 armatos
753 2117 847 2150 ponit:
860 2114 1084 2152 Adloeutulquem·
1115 2122 1159 2142 aut
1183 2115 1253 2150 quasi
1278 2117 1360 2144 homo
1385 2117 1504 2143 militaris
1528 2116 1569 2143 vel
1586 2123 1732 2152 numquam
1757 2114 1798 2142 vel
1816 2113 1878 2142 tart)
1895 2111 1930 2141 fit

268 2153 522 2180 memusaeirmatas,
541 2149 595 2181 &a
616 2152 712 2179 Vistor
726 2160 794 2187 ergo
814 2151 937 2186 Magister
961 2153 1084 2187 equitum
1114 2152 1256 2180 cunQator
1272 2155 1298 2181 &
1315 2161 1416 2182 cautus.
1446 2155 1550 2189 Barbari
1568 2160 1656 2180 autem
1673 2151 1762 2187 quales
1778 2159 1855 2179 crant
1868 2152 1932 2179 Sat-

273 2190 382 2215 natione
390 2196 447 2214 crat
457 2190 586 2218 Sarmata,
603 2191 628 2217 8(
640 2188 893 2216 Valentimilitabar:
905 2188 972 2216 sicut
988 2189 1083 2225 princi·
1116 2197 1189 2216 matae
1207 2207 1214 2217 ‚
1237 2192 1333 2219 natur-5
1358 2191 1465 2219 audaces
1479 2201 1507 2218 ac
1524 2189 1569 2217 fibi
1585 2188 1755 2226 praefidentes
1772 2194 1849 2216 etant
1863 2206 1872 2219 ,
1889 2195 1931 2214 te·

271 2231 334 2260 patu
345 2224 673 2253 ConstantiiFrancoi-um
682 2226 882 2254 multitudinem
891 2227 916 2253 in
928 2227 1083 2254 PalatioAu-
1116 2228 1272 2263 mern-iique
1292 2248 1299 2259 ,
1324 2228 1438 2264 plusque
1463 2230 1489 2255 in
1517 2227 1619 2255 viribus
1651 2225 1734 2262 quam
1762 2227 1789 2253 in
1816 2223 1935 2254 confilio'-

272 2261 471 2296 gunifloruiile
480 2261 578 2290 disci-tc*-
589 2263 674 2290 scribit
686 2266 843 2291 Ammianus
853 2283 860 2294 ,
880 2263 912 2290 de
922 2263 1082 2291 silvanolo-
1115 2265 1285 2297 reponebant.
1306 2266 1398 2298 Qare
1408 2274 1463 2292 non
1474 2262 1608 2292 finer-ausa
1625 2265 1730 2290 notavit
1748 2264 1902 2290 Ammianus
1914 2277 1924 2291 a

268 2306 356 2334 quens
366 2308 372 2326 :
382 2301 409 2328 ὃς
420 2299 547 2325 Latinum
558 2299 774 2328 Domesticorum
783 2301 930 2331 Comitem,
941 2300 1082 2336 Agilonem
1113 2299 1249 2328 Vmorem
1257 2300 1318 2329 licet
1329 2304 1442 2329 Sarmata
1449 2301 1525 2329 esset.
1545 2302 1754 2328 moreRomano
1763 2298 1922 2336 prudentem

267 2334 423 2379 „Tribunum
432 2334 543 2376 stabulig
562 2345 588 2367 a<
597 2337 769 2369 Scudilonem
777 2339 965 2378 Scutariorum
982 2338 1082 2379 Tribuj
1114 2338 1140 2367 ὃς
1156 2346 1281 2370 cautum,
1301 2340 1500 2368 ncctcmerario
1517 2337 1614 2366 ardore
1630 2339 1788 2376 proecipiiem
1800 2341 1856 2380 ‘tut
1874 2341 1923 2370 pu·

1771 2383 1921 2431 warum
