2007 2658
77 89 324 115 vatem-mimus
336 87 358 110 δι
369 88 484 111 vau-:us
495 84 545 109 ΑΛ.
554 82 668 109 Gratiano

111 121 174 145 n&
187 117 385 152 Dagalaifocon:
399 123 472 142 Anno
487 117 543 141 chr.
558 120 613 143 ³⁶⁶.
632 131 634 133 ,
830 84 947 130 LIB.
967 86 1146 134 XXVI.
1182 89 1326 134 CAP.
1355 89 1413 134 X.
1557 103 1646 152 513

6 162 237 212 gdefeffionis
257 159 403 214 signum
415 158 467 198 est
484 156 770 212 apertiffimum.
802 159 900 199 Hoc
912 170 1049 211 praeter
1065 160 1170 213 spem
1182 164 1357 202 omnium
1379 163 1461 203 viso
1473 190 1484 210 ,
1506 163 1665 204 Proc0-·

6 214 98 272 ,ipius
111 217 240 257 salutis
252 213 451 256 intercluso
465 213 647 266 suffragio
658 213 786 254 versus
803 215 841 254 in
854 214 971 267 pedes
986 241 996 260 ‚
1020 217 1352 268 circumjectorum
1377 232 1577 259 nemorum
1601 220 1655 260 se-

9 272 113 319 {creta
133 277 169 313 &
193 272 381 311 montium
406 269 559 322 petebat
577 268 798 309 :Florentio
817 269 998 323 sequente
1018 274 1055 310 ὅτ.
1079 270 1292 311 Barchalba
1305 274 1485 313 Tribuno
1501 306 1510 322 ‚
1535 290 1653 328 quem

14 343 82 383 per
98 327 290 368 saevissima
304 325 399 366 bella
411 327 484 373 jam
500 325 588 364 inde
599 325 619 364 ὲ
632 325 848 365 Constantii
862 327 1100 379 temporibus
1114 336 1249 365 notum
1262 353 1274 372 ,
1299 328 1493 368 necessitas
1515 331 1551 368 in
1578 333 1652 370 cri-

14 398 100 425 men
119 392 303 427 traxerat,
324 395 400 420 non
420 381 610 420 voluntas.
642 382 794 434 Majore
815 383 946 435 itaque
965 382 1088 422 nostis
1107 392 1216 434 parte
1237 381 1464 436 consumpta
1487 411 1497 430 ‚
1520 386 1609 424 cum
1632 388 1654 425 εὶ

42 439 226 494 espertino
237 447 324 476 ortu
339 436 448 475 Luna
461 436 669 489 praelucens
680 438 718 476 in
734 438 836 477 diem
850 447 996 476 metum
1018 447 1174 490 augeret
1185 463 1196 483 ‚
1218 436 1394 489 undique
1417 438 1599 480 facultate
1615 455 1652 480 e-

4 507 6 509 ·
42 494 178 535 adencli
189 503 369 544 exempta
388 492 631 531 consiliorum
649 493 760 545 inops
774 492 992 546 Procopius
1006 519 1018 539 ,
1040 504 1085 532 ut
1098 494 1135 532 in
1147 492 1275 532 arduis
1296 492 1573 534 necestitatibus
1594 496 1653 535 so-

27 559 64 590 et
76 576 90 596 ,
112 561 198 588 cum
213 546 369 587 fortuna
381 546 652 600 expostulabat
665 548 836 588 li1&uosa
847 553 882 588 δε
897 549 1029 602 gravi,
1042 546 1256 601 mersusque
1268 545 1570 588 multiformibus
1585 564 1653 590 cu·

32 606 62 652 is
70 631 85 652 ,
105 602 232 644 subito
248 604 267 642 a
280 602 488 642 comitibus
505 603 578 642 suis
592 605 707 643 artius
718 605 867 645 vinetus
880 630 893 651 ,
912 604 1118 657 relatojam
1131 603 1194 643 die
1207 603 1345 643 duetus
1360 603 1408 642 ad
1422 603 1539 642 castra
1554 632 1564 649 ‚
1578 606 1655 644 lm-

41 661 178 707 eratori
190 658 352 699 offertur
373 660 532 698 reticens
545 669 662 713 atque
673 659 847 700 defixus:
883 668 899 685 Ζ
918 659 1124 713 statimque
1145 658 1298 698 abscissa
1317 660 1465 698 cervice
1478 686 1489 705 ‚
1510 659 1656 699 discor-

42 717 160 756 iarum
181 715 352 755 civilium
378 715 575 769 gliscentes
599 715 766 755 turbines
796 716 811 740 ⁶
830 715 1005 769 sepelivit
1018 719 1056 755 &
1080 715 1178 754 bella
1194 741 1207 758 ,
1228 714 1276 753 ad
1290 715 1425 754 veteris
1447 714 1656 769 Perpenna:

36 771 235 825 xemplum
248 785 256 809 :
271 771 338 824 qui
354 769 441 823 post
452 770 663 810 Sertorium
675 772 773 810 inter
783 771 913 824 epulas
926 771 1200 810 obtruncatum
1220 770 1491 810 dominatione·
1507 771 1659 824 paullis-

3 855 5 859 «
42 841 81 867 er
92 827 242 880 potitus
257 854 266 869 ‚
288 829 310 864 a
339 834 353 858 7
373 824 545 865 frutectis
557 826 622 865 ubi
634 825 775 865 latebat
787 826 979 866 extrafi'ffls
990 853 1003 873 ,
1015 825 1241 879 oblatusque
1254 825 1447 878 Pompeio
1458 854 1470 872 ,
1491 829 1521 876 ej
1529 840 1569 866 us
1573 827 1656 880 jus-

0 904 11 950 ι
29 882 116 922 uest
128 881 357 921 inter-festus.
392 879 558 933 Parique
571 881 844 935 indignationis
859 883 1008 935 impetu
1036 891 1051 908 a
1075 881 1294 932 Florentius
1306 885 1344 921 δε
1359 881 1570 921 Barchalba
1584 884 1655 937 qui

8 960 9 963 =
33 951 97 980 um
109 937 326 985 duxerunt,
353 934 554 975 confestim
569 949 644 976 non
658 937 813 991 pensata
826 939 972 977 ratione
983 937 1281 977 iuncinterfesti.
1316 936 1424 976 Nam
1455 937 1482 977 fi
1508 938 1660 978 Princii

60 1007 98 1033 m
115 993 328 1047 legitimum
342 991 595 1045 prodidissent
607 1020 617 1036 ‚
639 993 700 1033 vel
712 993 792 1047 ipsa
799 992 946 1046 justitia
950 995 1036 1046 jure
1048 994 1163 1033 caesos
1179 993 1445 1047 pronuntiaret
1470 1008 1478 1032 ς
1501 992 1527 1032 fi
1539 994 1656 1033 rebel-

47 1062 83 1088 m
95 1052 131 1089 ὃ(
145 1058 458 1101 oppugnatorem
470 1048 624 1086 internae
651 1049 792 1102 quietis
806 1060 850 1088 ut
868 1049 1082 1096 ferebatur-3
1114 1049 1131 1075 b
1150 1049 1297 1102 amplas
1320 1049 1373 1087 eis
1395 1049 1654 1088 memorabilis

29 1105 102 1146 aui
113 1108 340 1157 oportuerat
347 1101 488 1142 deferri
499 1103 702 1144 mercedes,
735 1103 905 1146 Excessit
915 1115 1043 1145 autem
1055 1106 1137 1145 vita
1148 1104 1366 1157 Procopius
1378 1117 1479 1143 anno
1491 1105 1658 1157 quadra-

38 1159 154 1200 efimo
169 1190 179 1207 ‚
213 1157 378 1211 amplius
391 1158 578 1198 mensibus
590 1159 744 1200 decem:
759 1174 924 1215 corpore
937 1175 1013 1201 non
1028 1162 1215 1201 indecoro
1228 1187 1240 1207 ,
1265 1172 1336 1198 nec
1357 1158 1564 1199 mediocris
1585 1159 1657 1200 sta-

32 1229 107 1256 urae
118 1243 130 1262 ,
148 1214 358 1254 subcurvus
371 1241 383 1260 ,
402 1213 642 1268 humumque
656 1217 841 1257 intuendo
853 1216 998 1271 semper
1010 1217 1189 1257 incedens
1202 1243 1215 1262 ,
1237 1214 1389 1268 pe'rque
1413 1227 1565 1254 morum
1589 1216 1659 1255 tri-

0 1291 2 1298 ·
45 1273 123 1312 ium
137 1270 294 1310 latebras
307 1269 405 1309 illius
434 1280 448 1297 C
473 1268 599 1310 similis
613 1272 736 1312 Craffi
748 1299 761 1319 ,
773 1285 888 1326 quem
902 1273 939 1312 in
951 1273 1030 1313 vita
1042 1272 1156 1312 semel
1166 1271 1277 1311 risisse
1291 1269 1476 1310 Lucillius
1489 1269 1654 1311 affirmat.

0 1343 5 1367 ;
63 1326 239 1366 Tullius:
255 1329 291 1365 ὃ(
305 1324 415 1380 quod
426 1324 478 1364 est
494 1327 708 1367 mirandum
722 1355 734 1374 ,
754 1328 888 1380 quoad
903 1329 1050 1369 vixerat
1061 1328 1294 1367 incruentus.
1651 1348 1654 1351 ·

71 1383 109 1423 C
126 1395 150 1423 A
167 1396 198 1421 P.
237 1379 292 1419 X.
324 1380 462 1420 lisdem
475 1379 554 1420 fere
565 1382 698 1422 diebus
733 1383 750 1410 d
770 1383 973 1425 Proteuor
985 1383 1217 1429 Marcellus,
1242 1383 1411 1435 ejusdem
1431 1392 1619 1438 cognatus
1643 1408 1657 1430 ⁵

0 1477 6 1509 ι
52 1474 68 1499 6
88 1471 132 1500 Al.
141 1470 272 1508 sepelivit,
285 1470 315 1498 ad
324 1471 431 1497 veteris.
471 1479 484 1504 7
506 1471 557 1506 ΜΓ.
569 1472 692 1500 frureffls
707 1473 750 1501 ubi
761 1474 821 1502 lare·

47 1517 67 1536 t.

883 1476 900 1502 b
920 1474 1028 1511 Amplas·
1035 1477 1071 1502 eis
1078 1476 1316 1512 memorabilz'rfhh'r‘i
1323 1483 1459 1512 oportuerat·
1467 1476 1559 1509 deferri
1566 1482 1658 1500 merce-

846 1511 910 1544 des]
932 1514 1015 1547 impp.
1028 1513 1120 1539 Arcad.
1131 1515 1158 1540 &
1168 1514 1276 1539 Honor.
1289 1515 1319 1539 L.
1334 1522 1355 1544 5.
1367 1513 1398 1540 C.
1409 1513 1471 1540 adL
1489 1512 1544 1549 Jul.
1554 1510 1655 1543 Majest.

847 1550 873 1574 Si
881 1549 936 1584 quis
945 1557 976 1574 ex
985 1549 1024 1574 his
1034 1551 1060 1574 in
1068 1549 1164 1575 exordio
1180 1551 1247 1574 initae
1256 1548 1377 1583 faffionis
1386 1568 1392 1578 ‚
1409 1549 1482 1579 studio
1491 1557 1559 1575 verae
1574 1546 1656 1574 laudis

846 1593 918 1610 accen
930 1593 959 1609 us
975 1585 1066 1609 initam
1073 1583 1207 1618 prodiderit
1207 1583 1347 1618 faffionem
1358 1597 1365 1617 3
1384 1582 1522 1619 &praemio
1532 1583 1566 1614 &⁴
1582 1584 1656 1610 hono-

845 1629 871 1645 re
879 1619 896 1645 ιὶ
903 1618 970 1645 nobis
978 1619 1117 1647 donabitur.
1138 1620 1277 1647 Sallustius
1286 1622 1312 1647 in
1322 1621 1430 1648 Catilin.
1450 1623 1478 1647 Si
1485 1629 1540 1657 qun
1549 1619 1656 1655 indicast-

847 1655 881 1686 fet
887 1655 915 1682 de
924 1656 1101 1690 conjuratione,
1111 1666 1165 1692 quae
1170 1663 1255 1683 contra
1264 1657 1431 1693 Rempfaffa
1439 1664 1494 1683 erat
1502 1674 1508 1685 ‚
1523 1660 1655 1691 praemium

0 1593 4 1597 ·
49 1583 114 1608 rtiva
124 1584 149 1610 &
159 1581 260 1609 occulta
271 1581 356 1608 solent
366 1582 465 1608 dicere:
478 1590 507 1608 ut
518 1583 706 1618 Aristophanes
716 1585 742 1609 in
761 1583 816 1616 Ly-

40 1617 130 1649 stram,
146 1617 336 1645 Demosthenes
346 1621 371 1645 in
386 1626 508 1650 3.contra
525 1620 681 1655 Aphobun‘i.
698 1621 723 1646 ὃ(
743 1618 818 1644 Cale-

41 1663 70 1682 us
84 1655 149 1691 apud
167 1656 281 1681 Dionem
294 1657 321 1681 in
338 1655 379 1681 lib⁴
395 1656 436 1686 46.
460 1654 549 1682 Porro
559 1658 585 1682 in
595 1654 821 1682 defeffionescura

52 1691 139 1718 rverss
147 1700 203 1718 non
211 1691 258 1718 sub
266 1691 309 1717 alis
318 1689 420 1718 tantum
429 1691 522 1726 gestari
532 1711 538 1722 ‚
551 1692 594 1718 sed
604 1695 681 1718 ctiam
694 1693 769 1727 capiti
779 1691 821 1718 su-
842 1688 1052 1726 ⁷decreveresbrvo
1058 1692 1201 1719 libertatem
1211 1691 1245 1723 &¹
1254 1691 1368 1728 sbstertia
1384 1702 1480 1720 centum
1489 1709 1496 1721 ‚
1517 1692 1593 1719 libero
1607 1695 1657 1719 im-

1 1731 4 1745 ¹
55 1729 134 1762 rponi
144 1727 217 1754 solita
225 1728 305 1754 docet
315 1730 444 1764 Appianus
452 1730 478 1754 in
487 1728 528 1754 lib.
535 1737 559 1754 2.
569 1728 600 1755 de
609 1727 680 1755 bellis
688 1728 805 1755 civilibus
815 1745 822 1757 ‚

4 1776 9 1777 ⁷
43 1765 68 1790 bi
84 1763 115 1789 de
132 1763 280 1790 Afranianis
290 1773 296 1790 Ζ
306 1766 345 1797 0Ῑό
359 1766 466 1792 ἐπέθεσαν
482 1768 527 1799 τῆς
539 1769 635 1800 κεφαλῆς
648 1766 695 1795 ’ναξ
709 1766 807 1795 εἰσπίῶας
816 1782 822 1793 ‚

7 1816 10 1826 2
60 1801 223 1835 ρ’όξὶσῦμζολον
231 1802 496 1835 {wrodwzyma'vmn
515 1803 554 1828 De
570 1801 672 1828 vexillis
685 1803 822 1828 autemin-

1 1847 9 1862 τ
55 1835 102 1863 rfis
117 1837 192 1863 locus
209 1836 246 1862 est
263 1835 349 1862 Orofii
365 1840 391 1863 in
401 1837 442 1864 lib.
453 1838 500 1864 ult.
517 1846 598 1873 quem
606 1837 685 1873 supra
702 1838 798 1865 adduxi
813 1847 820 1864 2

0 1877 1 1882 ¹
44 1871 175 1907 ertatimse
184 1871 392 1908 Mascezilifignis
401 1872 524 1900 tradidere
538 1874 670 1911 convetfis.
693 1876 728 1901 Et
746 1876 821 1910 Spar-

2 1919 9 1934 .-
56 1911 82 1936 ni
88 1911 114 1936 in
123 1908 224 1936 Severo
234 1918 240 1934 :
251 1907 444 1945 Praelatlsfignis
450 1919 504 1946 quae
511 1912 667 1938 Praetoriamls
677 1910 805 1938 ademerat
811 1930 817 1941 ‚

6 1955 10 1961 ·
62 1947 122 1975 inis,
135 1954 181 1972 non
187 1945 280 1971 ermis.
300 1945 382 1972 Velefi

2 1999 3 2005 ι
57 1991 74 2009 z
83 1981 102 2011 ’ἱ
120 1984 260 2017 Statimque
267 1980 366 2017 absciffa
373 1984 490 2019 cervice]
516 1985 553 2010 At
571 1983 690 2010 Zonaras
707 1983 796 2011 scribit
813 2004 820 2014 ‚

4 2038 6 2042 .
45 2017 180 2053 rocopium
188 2017 325 2052 proditum
333 2019 347 2045 a
355 2018 409 2045 suis
419 2037 425 2047 ‚
439 2019 560 2047 cruribus
575 2022 704 2047 innexum
719 2020 820 2055 duabus

50 2055 156 2082 boribus
165 2056 191 2080 vi
200 2054 329 2081 inclinatis
337 2073 344 2084 ‚
358 2054 453 2082 eisdem
461 2055 660 2091 resurgentibus
670 2058 698 2084 δε
712 2057 820 2084 arreffis

51 2089 113 2119 isere
119 2092 168 2119 effe
174 2090 315 2118 divulsum.
336 2091 353 2107 ¹¹⁵
372 2091 505 2119 Lindenbr.

58 2136 73 2154 a
91 2127 223 2155 Florentius
231 2124 265 2157 ἐγ
281 2127 424 2154 Barchalba
432 2144 440 2154 ‚
457 2131 502 2165 qui
515 2138 570 2156 eum
585 2128 708 2156 duxerunt
718 2131 731 2166 ]
754 2131 821 2156 Non

61 2172 73 2190 s
81 2181 88 2193 ,
102 2163 145 2190 sed
154 2163 289 2197 Agilonem
298 2166 324 2192 δε
333 2166 510 2192 Gomoarium
519 2173 638 2202 ponunt,
655 2167 756 2193 Socrar.
772 2167 821 2192 Hi-

67 2209 86 2226 r.
96 2199 188 2227 Eccles.
197 2199 238 2226 lib.
250 2208 288 2226 xv.
295 2209 349 2236 cap.
361 2209 383 2233 5.
392 2202 563 2229 Sozomenus
572 2203 614 2230 lib.
623 2211 666 2229 vr.
674 2212 726 2239 cap.
736 2206 759 2229 8.
768 2204 818 2230 Ni-

51 2236 151 2272 phorus
159 2235 255 2263 Callist.
263 2235 304 2264 lib.
313 2247 329 2264 x
337 2247 356 2264 1.
362 2246 413 2274 cap.
422 2245 446 2269 4.
462 2239 601 2275 Q.etiam
610 2239 642 2268 de
648 2239 766 2275 supplicii
773 2248 819 2276 ge-

58 2281 85 2300 re
91 2270 171 2310 longe
179 2272 278 2302 diverfi
284 2281 392 2302 narrant
418 2273 495 2303 Idem.

0 2240 12 2298 -νιι
0 2133 14 2225 ο,σᾼρ
0 2098 7 2117 ·-
2 2064 11 2071 :

844 1730 983 1763 pttniratem
991 1729 1044 1762 ejus
1050 1731 1087 1755 rei
1096 1746 1102 1756 ‚
1119 1725 1267 1761 &mimia
1275 1729 1387 1756 ducenta.
1409 1732 1450 1756 Sic
1460 1729 1525 1763 saepe
1531 1728 1597 1764 apud
1609 1730 1657 1755 Di-

846 1763 970 1800 onysium
980 1765 1060 1791 Halia.
1071 1767 1097 1792 ὃς
1108 1766 1162 1792 Tit.
1170 1766 1277 1792 Livium
1285 1766 1501 1799 conjurationem
1518 1765 1657 1792 indicanti-

846 1801 895 1827 bus
913 1800 994 1827 servis
1012 1801 1159 1827 libertatem
1170 1819 1176 1830 .
1195 1803 1317 1836 ingenuis
1327 1802 1403 1828 'milia
1416 1802 1520 1837 aliquot
1537 1802 1610 1830 aeris,
1626 1803 1655 1829 ὃς

846 1844 943 1900 ρὲκῐει·
951 1837 1121 1865 eainterdum
1129 1846 1241 1873 quoque
1247 1838 1292 1865 alia
1300 1847 1411 1866 munera
1425 1838 1520 1865 donata
1535 1838 1656 1873 legimus-

846 1877 859 1900 I
875 1883 920 1900 em.

883 1919 898 1937 c
917 1910 1013 1937 Similis·
1022 1910 1111 1945 Craffi‚
1125 1920 1198 1947 quem
1207 1912 1233 1936 in
1243 1913 1302 1937 vita
1318 1909 1470 1947 limelrt'sr'ffi’
1482 1911 1568 1938 Lucisl.
1586 1909 1658 1946 affir-

848 1953 903 1973 mat
911 1944 945 1977 ὠ*
955 1947 1067 1984 TuHim]
1091 1948 1232 1974 Ciceronis
1240 1947 1316 1974 locus
1326 1947 1411 1973 exstat
1428 1947 1460 1974 de
1470 1948 1552 1974 Finib.
1567 1947 1608 1974 lib.
1626 1956 1654 1973 v.

850 1982 886 2010 M.
895 1983 976 2020 Craffb
986 2004 993 2014 ,
1003 1993 1081 2020 quem
1080 1983 1162 2018 fimel
1166 1986 1206 2010 ait
1213 1985 1239 2010 in
1247 1986 1308 2010 vita
1314 1982 1387 2019 rtfiſjb
1393 1983 1524 2013 Lucillius,
1537 1993 1582 2009 non
1598 1992 1655 2010 con-

848 2022 921 2054 tigit,
938 2026 964 2046 ut
978 2030 1008 2046 ea
1023 2030 1049 2046 re
1064 2019 1148 2047 mimis
1164 2022 1303 2054 ἀγέλας-Θ..
1319 2026 1348 2046 ut
1361 2021 1400 2045 ait
1416 2019 1480 2046 idem
1494 2039 1501 2049 ,
1514 2026 1655 2046 voc-iretur.

850 2058 1037 2092 Hierony-mus
1047 2056 1127 2091 Epist.
1137 2056 1168 2082 ad
1185 2056 1327 2083 Chromat.
1342 2055 1458 2082 Semelin
1466 2059 1527 2083 vita
1543 2055 1655 2091 Crafficm

849 2092 921 2129 rtsiffc
929 2095 969 2119 ait
977 2093 1102 2120 Lucidius.
1123 2092 1204 2119 Idem.

877 2129 902 2155 -d
921 2129 1211 2165 ProtefforMarceIlus.]
1233 2129 1275 2155 At
1287 2127 1446 2154 Zofimusin
1454 2127 1497 2155 lib.
1511 2136 1534 2160 4.
1549 2127 1657 2155 Marcel-

846 2165 903 2192 lum
912 2167 945 2192 ait
953 2165 1024 2198 jussu
1034 2167 1159 2200 Procopii
1168 2166 1304 2201 Cyzicum
1313 2165 1411 2191 venisse
1421 2181 1428 2193 ,
1444 2166 1469 2192 &
1481 2166 1654 2191 Serenianum

848 2201 1067 2230 Domesticorum
1082 2202 1227 2228 Comitem
1257 2200 1479 2236 comprehensum
1509 2200 1631 2228 occidisse
1648 2209 1655 2227 :

846 2238 922 2275 quod
931 2238 1024 2267 falsum
1031 2237 1076 2265 est.
1098 2239 1214 2265 Mortuo
1223 2239 1293 2264 enim
1302 2239 1435 2271 Procopio
1443 2239 1601 2264 Serenianus
1611 2246 1656 2264 oc-

844 2275 913 2304 cisus
928 2274 980 2307 est,
997 2283 1028 2304 ut
1046 2274 1158 2302 restatur
1173 2274 1218 2301 hic
1235 2273 1408 2302 Marcellinus
1415 2286 1425 2308 5
1442 2274 1658 2311 qui&Procopii

1081 2311 1178 2353 Ttt
