2007 2658
313 123 412 165 710

1070 216 1131 277 D
1177 215 1227 274 E

315 337 1227 439 CONSTANTIO
1325 339 1960 443 CHLOR0‚

401 476 1324 607 CONSTANTiNo
1353 479 1905 570 MAGNO»

850 608 897 651 &
932 601 1028 651 aliis
1068 599 1419 671 Imperatoribus

384 707 462 810 Ε
577 709 666 811 Χ
781 709 871 811 C
993 709 1073 811 E
1172 708 1267 811 R
1372 709 1451 811 P
1565 710 1672 814 T
1790 712 1906 816 A.

482 861 1206 952 AUCTORIS
1259 864 1796 952 IGNOTI-

616 1040 658 1077 -Lz
728 1031 742 1059 1
759 1033 786 1060 o
800 1033 826 1061 c
845 1036 868 1061 L
885 1034 908 1061 E
922 1034 952 1062 τ
970 1036 984 1062 1
1006 1034 1032 1062 A
1044 1036 1073 1061 N
1088 1034 1117 1061 U
1132 1033 1147 1060 s
1171 1033 1260 1061 cum
1277 1021 1472 1062 Herculio
1484 1021 1731 1064 Maximiano
1753 1022 1962 1078 imperavit

613 1075 690 1132 *25¹2
725 1090 810 1119 ann.
831 1092 895 1119 xx.
916 1077 1170 1119 Constantius
1197 1078 1292 1117 Divi
1320 1078 1483 1118 Claudii
1506 1080 1654 1131 optimi
1683 1079 1874 1133 Principis
1896 1092 1963 1120 ne·

662 1130 689 1161 *³3
725 1146 797 1186 pos
818 1148 867 1175 ex
886 1132 1000 1174 fratre
1012 1162 1025 1182 ‚
1056 1133 1261 1174 Ρτοτεᾶοι·
1284 1134 1453 1188 primilm
1469 1160 1481 1180 ,
1511 1134 1602 1174 exin
1627 1132 1856 1182 Tribunus,
1887 1149 1962 1189 po-

677 1199 686 1204 ··
724 1187 800 1229 stea
827 1199 840 1216 ²
866 1190 1007 1231 Praeses
1018 1191 1301 1231 Dalmatiarum
1324 1189 1409 1230 fuit.
1440 1188 1515 1230 Iste
1527 1202 1617 1230 cum
1629 1189 1787 1232 Galerio
1808 1190 1831 1231 ὲ
1863 1191 1962 1232 Dio-

723 1247 887 1287 cletiano
900 1246 1030 1288 Caesar
1043 1245 1168 1287 fastus
1181 1245 1246 1287 est.
1277 1246 1432 1288 Relista
1441 1248 1542 1286 enim
1555 1246 1708 1287 Helena
1718 1248 1850 1302 priore
1861 1261 1960 1288 uxo·

616 1355 619 1357 ‚
654 1327 666 1335 -
723 1318 759 1343 re
772 1303 891 1344 filiam
909 1303 1412 1345 MaximianiTheodoram
1435 1303 1552 1344 duxit
1571 1316 1753 1344 uxorem:
1787 1303 1804 1331 b
1822 1318 1870 1345 ex
1883 1316 1962 1358 qua

508 1381 529 1396 ω
574 1383 581 1396 1
622 1359 681 1390 ²332*
722 1359 855 1414 postea
866 1360 927 1402 sex
942 1360 1084 1401 liberos
1096 1358 1346 1401 Constantini
1362 1359 1498 1400 fratres
1509 1359 1656 1400 habuit.
1687 1360 1765 1401 Sed
1790 1360 1841 1401 de
1850 1361 1958 1415 prio-

716 1431 756 1457 re
787 1431 910 1457 uxore
933 1417 1086 1458 Helena
1110 1416 1233 1457 filium
1259 1418 1341 1471 jam
1364 1415 1665 1458 Constantinum
1685 1416 1821 1457 habuit
1845 1444 1858 1464 ,
1889 1417 1960 1471 qui

305 1470 438 1522 postea
450 1471 635 1528 Princeps
649 1472 936 1528 potentissimus
952 1472 1038 1514 fuit.
1072 1473 1154 1514 Hic
1166 1473 1286 1528 igitur
1297 1472 1577 1514 Constantinus
1590 1482 1702 1514 natus
1713 1473 1866 1514 Helena
1877 1486 1955 1513 ma-

306 1536 364 1565 tre
386 1527 561 1569 viliffima
574 1531 611 1570 in
640 1530 797 1587 oppido
811 1529 850 1570 N
858 1529 935 1571 aiso
953 1541 1073 1584 atque
1084 1529 1246 1571 eduems
1257 1557 1269 1576 ‚
1301 1529 1415 1584 quod
1424 1529 1622 1584 oppidum
1635 1527 1768 1584 postea
1779 1527 1958 1584 magnifi-

304 1582 352 1621 ce
361 1585 514 1624 ornavit
526 1614 538 1632 ,
570 1587 705 1626 litteris
725 1585 1065 1628 minus-instruetus
1080 1614 1092 1634 ‚
1129 1585 1237 1626 obses
1249 1586 1358 1641 apud
1370 1586 1661 1628 Diocletianum
1683 1589 1719 1627 St
1734 1584 1931 1627 Galerium
1942 1611 1957 1632 ,

304 1637 373 1678 sub
385 1638 517 1680 iisdem
533 1640 685 1682 fortiter
698 1643 736 1682 in
760 1641 848 1683 Afia
870 1642 1051 1682 militavit
1068 1657 1076 1681 :
1109 1656 1227 1696 quem
1240 1642 1326 1698 post
1340 1642 1562 1696 depositum
1577 1643 1783 1697 imperium
1799 1641 1954 1682 Diocle-

304 1695 398 1734 tiani
410 1699 448 1735 &
463 1696 662 1742 Herculii,
691 1696 943 1738 Constantius
957 1699 979 1738 εὶ
990 1697 1149 1738 Galerio
1163 1700 1335 1751 repetiit:
1369 1698 1435 1738 sed
1445 1698 1549 1738 hunc
1579 1708 1593 1725 ‘³
1616 1698 1794 1738 Galerius
1806 1697 1951 1752 objecit
1987 1741 1992 1745 ζ

304 1751 394 1790 ante
407 1751 580 1805 pluribus
591 1754 782 1807 periculis.
806 1753 847 1794 N
855 1768 915 1793 arn
926 1758 963 1794 &
978 1755 1015 1794 in
1027 1754 1217 1793 Sarmatas
1230 1754 1376 1803 juvenis
1387 1752 1570 1806 equestris
1580 1754 1746 1794 militans
1758 1782 1768 1798 ‚
1785 1752 1956 1794 ferocem

305 1807 506 1848 barbarum
520 1810 669 1863 capillis
681 1810 795 1849 tentis
808 1820 961 1864 raptum
975 1837 987 1857 ‚
1016 1819 1103 1849 ante
1115 1809 1231 1864 pedes
1244 1808 1455 1863 supplicem
1466 1807 1613 1848 Galerii
1626 1809 1874 1863 Imperatoris
1885 1808 1974 1849 ad-·

305 1863 482 1904 duxerat.
514 1866 666 1906 Deinde
678 1865 835 1906 Galerio
857 1867 1035 1906 mittente
1046 1879 1116 1920 per
1136 1865 1321 1920 paludem
1333 1879 1439 1919 equo
1461 1864 1642 1919 ingressus
1654 1864 1721 1905 suo
1733 1893 1745 1912 ,
1777 1866 1880 1906 viam
1894 1879 1955 1906 ce·

306 1921 394 1960 teris
406 1921 500 1960 fecit
516 1922 565 1961 ad
582 1922 771 1962 Sarmatas
786 1949 796 1967 ,
829 1935 878 1961 ex
895 1922 1035 1976 quibus
1053 1921 1229 1975 plurimis
1242 1920 1363 1961 stratis
1374 1949 1385 1968 ,
1415 1921 1573 1961 Galerio
1600 1921 1801 1962 victoriam
1822 1935 1956 1976 repor-

307 1978 415 2016 tavit.
449 1977 568 2018 Tunc
580 1992 666 2018 eum
680 1978 857 2019 Galerius
871 1979 970 2031 patri
984 1977 1137 2017 remisit.
1170 1978 1251 2030 Q1i
1263 1988 1305 2016 ut
1318 1977 1499 2018 Severum
1517 1990 1586 2031 per
1603 1977 1754 2018 Italiam
1778 1976 1956 2019 tranfiens

307 2034 471 2080 vitaret,
502 2033 648 2075 summa
671 2035 911 2076 festinatione
932 2034 1080 2075 veredis
1104 2032 1190 2088 post
1211 2033 1246 2072 se
1258 2035 1442 2074 truncatis
1464 2033 1583 2087 Alpes
1605 2033 1876 2088 transgressus,
1902 2032 1954 2075 ad.

343 2153 355 2170 a
377 2145 464 2181 Praeses
473 2147 672 2174 Dalmatiarum.
682 2153 697 2182 J
707 2147 884 2176 Constantius
892 2146 1014 2174 Chlorus
1024 2144 1113 2172 Prxfi-
1126 2144 1129 2151 ’
1145 2147 1193 2172 iam
1207 2146 1341 2179 leguntur.
1364 2144 1439 2174 Idem,

308 2181 398 2210 darum
419 2185 551 2211 Dalmatiae
567 2184 755 2215 administravit
770 2187 917 2226 impe-unte
930 2184 1021 2210 Caro:
1040 2174 1129 2219 eum-l
1180 2192 1194 2208 c
1214 2182 1330 2209 Gala-ius
1339 2181 1425 2215 olzreci!
1433 2181 1764 2219 anrephtrihuspericulis.J
1784 2183 1953 2210 Intercetern

307 2227 361 2253 quc
371 2221 456 2247 Catus
466 2224 491 2247 in
503 2222 590 2249 locum
600 2222 691 2248 Carini
701 2220 745 2248 filii
755 2222 888 2249 Caesarem
899 2219 1128 2254 subrogatum-⁴
1142 2217 1347 2252 cnimjussuscst
1360 2229 1373 2244 a
1390 2221 1499 2247 Galerio
1516 2220 1713 2247 Constantinus
1737 2217 1879 2247 immanem
1896 2219 1952 2246 leo·
2006 2233 2007 2238 =

309 2256 443 2286 stituerat.
454 2266 483 2284 ut
494 2258 570 2285 docet
583 2258 712 2293 Vopiscus
722 2260 747 2285 in
761 2257 946 2294 Carinigestis.
971 2257 1051 2286 Valel.
1126 2249 1127 2282 Ῐ
1142 2265 1202 2282 nem
1214 2255 1276 2283 subn
1284 2255 1350 2282 licre
1361 2266 1366 2282 z
1377 2266 1458 2291 quem
1469 2257 1576 2292 quidem
1594 2256 1791 2283 Constantinus
1806 2264 1951 2284 occurren-

344 2294 360 2320 b
379 2297 417 2320 Ex
425 2304 475 2332 qua
489 2294 616 2329 posteascx
633 2294 749 2330 liba-oa]
774 2297 837 2322 Haec
853 2295 929 2321 verba
947 2293 1113 2328 transscripta
1126 2321 1128 2325 y
1141 2301 1194 2319 tem
1204 2292 1324 2320 audacior
1332 2297 1435 2328 cxi-cpit
1443 2293 1649 2321 acconsecit=ut
1662 2294 1746 2321 scribit
1758 2294 1948 2329 Praxagomin

306 2329 369 2358 sunt
378 2331 555 2366 Eutropiilib.
570 2339 610 2357 ix.
620 2339 678 2367 quae
688 2335 714 2360 in
732 2334 896 2369 Hieronymi
913 2331 1054 2359 Chronico
1069 2339 1110 2358 ct·
1138 2330 1209 2357 libris
1220 2330 1312 2358 devita
1321 2331 1495 2358 Constantini
1505 2329 1727 2359 testnnxel‘hon‘o
1736 2334 1763 2358 in
1773 2329 1945 2361 Bibliotheca.
