2007 2658
479 123 1281 184 DETHEODEthoac.
1557 93 1699 188 '7¹9

113 199 152 238 T
164 211 188 240 n
206 211 222 239 ε
236 211 262 239 0
277 210 301 238 ι)
317 209 336 238 r.
352 211 373 238 ιι
388 211 400 238 t
417 209 439 238 c
456 212 481 240 u
496 212 516 239 s
544 200 645 237 enim
665 200 729 250 qui
756 199 794 236 in
815 194 1048 250 legationem
1069 194 1260 237 direxerat
1283 195 1450 236 Faustum
1472 199 1633 254 Nigrum
1655 196 1703 239 ad

60 254 283 294 Zenonem.
319 257 380 294 At
391 253 453 293 ubi
469 255 626 307 cognita
636 264 766 291 morte
777 256 858 304 ejus
877 261 1082 304 antequam
1100 251 1242 305 legatio
1269 263 1546 299 reverteretur,
1579 267 1622 296 ut
1645 256 1704 294 inf-

57 306 198 365 greffus
210 310 262 351 est
274 311 453 349 Ravenna
465 337 474 352 ‚
499 313 536 349 δε
549 306 693 347 occidit
708 305 932 347 Odoacrem
945 334 954 349 ‚
989 304 1118 345 Gothi
1134 307 1198 345 fibi
1219 307 1549 349 confirmaverunt
1568 310 1705 350 Theo·

56 367 228 406 dericum
241 367 382 418 Regem
397 391 406 407 ,
438 376 517 402 non
532 362 798 416 exspeetantes
807 361 1013 413 jusfionem
1031 363 1122 400 novi
1138 362 1334 416 Principis.
1348 364 1418 402 Vir
1430 367 1531 403 enim
1545 364 1705 405 bellico-

57 420 214 461 fiffimus
227 450 236 465 ‚
258 418 390 464 fortis,
421 421 527 469 cujus
543 430 654 472 pater
667 417 852 458 Walamir
863 416 988 456 dictus
1004 418 1085 456 Rex
1099 415 1326 457 Gothorum
1340 447 1349 461 ‚
1380 419 1560 462 naturalis
1573 433 1704 462 tamen

57 481 140 528 ejus
157 476 248 515 fuit:
278 485 303 501 ¹1¹
315 485 436 514 mater
449 474 630 514 Ereriliva
639 472 741 513 dieta
754 472 924 512 Gothica
936 501 945 516 ‚
978 470 1186 512 Catholica
1196 471 1352 524 quidem
1365 486 1446 513 erat
1457 502 1467 518 ,
1498 489 1580 528 quae
1592 480 1630 516 in-
1640 476 1706 516 ba-

55 531 200 587 ptismo
214 529 369 570 Eusebia
380 529 495 570 dieta.
527 534 628 585 Ergo
645 528 843 584 praeclarus
856 557 865 572 ‚
880 533 917 569 ὃς
949 536 965 553 ¹¹
986 527 1097 567 bonae
1109 526 1322 567 voluntatis
1342 531 1380 566 in
1409 530 1609 580 omnibus,
1639 535 1703 585 qni

54 589 227 643 regnavit
239 599 363 626 annos
374 600 448 626 xxx
460 600 470 625 ι
485 598 499 625 1
516 600 546 625 ι.
560 589 666 637 cujus
678 584 918 637 temporibus
929 582 1090 623 felicitas
1102 581 1153 622 est
1165 582 1295 623 secuta
1315 584 1461 624 ltaliam
1486 599 1555 640 per
1578 601 1703 627 annos

53 657 139 684 xxx.
154 647 205 682 ita
216 652 258 680 ut
272 645 384 682 etiam
399 655 470 696 pax
481 639 729 695 pergentibus
740 638 845 678 esset.
875 639 984 679 Nihil
997 642 1097 679 enim
1108 651 1273 693 perpere
1284 640 1406 695 gessit.
1441 650 1458 667 0
1479 642 1545 681 Sic
1567 645 1703 697 guber-

53 702 160 739 navit
172 696 266 737 duas
277 709 413 754 gentes
425 701 463 736 in
476 710 553 736 uno
568 699 832 736 Romanorum
849 699 886 736 &
901 696 1125 735 Gothorum
1139 722 1148 737 ,
1181 694 1271 734 dum
1284 694 1364 749 ipse
1375 695 1532 749 quidem
1547 699 1704 739 Arianae

52 754 163 795 sectae
177 750 271 794 esset
284 783 296 801 ,
328 765 459 794 tamen
473 752 607 792 militia
623 754 808 792 Romanis
825 750 918 790 sicut
930 750 995 790 sub
1010 753 1207 804 Principes
1219 749 1293 790 effe
1306 756 1498 806 praecepit.
1537 755 1652 794 Dona
1665 761 1703 797 St

51 823 227 851 annonas
239 809 395 865 largitus
411 827 418 848 :
432 822 659 863 quamquam
673 811 839 847 aerarium
852 806 1043 860 publicum
1057 818 1103 845 ex
1120 818 1212 846 toto
1223 805 1376 847 feneum
1393 805 1594 849 invenisset
1611 840 1620 855 ,
1635 811 1704 851 suo

50 867 183 908 labore
195 867 433 920 recuperavit
447 870 485 906 ὃς
498 864 725 916 opulentum
737 861 832 900 fecit
846 879 854 900 :
868 861 961 902 nihil
971 873 1110 902 contra
1122 861 1345 917 religionem
1360 863 1606 905 Catholicam
1620 877 1705 906 ten-

50 935 137 964 tans
160 941 169 962 2
190 922 372 962 exhibens
404 916 779 958 ludos‘Circenfium
807 946 816 962 ‚
858 922 898 958 ,δε
922 917 1292 972 Amphitheatrum‚
1311 931 1354 960 ut
1379 921 1494 960 etiam
1517 923 1538 960 a
1561 923 1706 963 Roma-

48 983 108 1020 nis
121 981 305 1028 Trajanus
317 975 378 1017 vel
392 973 682 1015 Valentinianus
698 1004 707 1019 ‚
735 986 900 1027 quorum
913 986 1091 1028 tempora
1108 973 1273 1014 seira-tus
1286 975 1352 1023 est,
1365 977 1623 1030 appellaretur
1637 1008 1646 1023 ‚
1663 984 1702 1021 ὃς

47 1036 69 1075 a
86 1031 232 1075 Gothis
244 1030 451 1071 secundum
462 1030 639 1069 Edictum
660 1029 765 1070 suum
791 1038 907 1083 quem
929 1033 984 1069 eis
1004 1030 1204 1070 constituit
1219 1060 1229 1075 ,
1252 1033 1336 1072 Rex
1358 1031 1577 1074 fortiffimus
1598 1037 1636 1073 in
1658 1049 1704 1075 0-

48 1087 454 1139 mnibusjudicaretur.
477 1087 554 1126 Hic
568 1084 658 1124 dum
674 1085 887 1125 inliteratus
900 1084 994 1125 esset
1011 1115 1022 1132 ,
1045 1098 1162 1126 tantae
1186 1085 1380 1141 sapientiae
1402 1087 1472 1128 fuit
1490 1119 1498 1134 ‚
1515 1102 1557 1130 ut
1577 1089 1702 1144 aliqua

48 1142 299 1200 quaelocutus
312 1141 365 1182 est
379 1172 389 1188 ‚
410 1145 447 1181 in
457 1140 574 1197 vulgo
586 1140 701 1195 usque
713 1155 813 1181 nunc
827 1155 899 1196 pro
929 1141 1119 1182 sententia
1141 1141 1351 1182 habeantur
1364 1173 1374 1188 ,
1394 1144 1495 1184 unde
1526 1159 1599 1185 nos
1622 1161 1704 1187 non

47 1204 154 1257 piget
166 1198 286 1254 aliqua
298 1197 347 1238 de
357 1197 488 1237 multis
505 1201 586 1249 eju-s
597 1200 635 1237 in
650 1200 1026 1237 commemoratione
1039 1196 1210 1254 posuisse.
1236 1199 1341 1240 Dixit
1354 1202 1527 1240 :Aurum
1547 1213 1609 1242 aut
1631 1202 1707 1242 dae-

47 1269 207 1298 monem
220 1259 284 1310 qui
296 1254 411 1296 habet
421 1282 431 1301 ‚
455 1267 536 1294 non
551 1266 636 1294 eum
650 1254 779 1309 potest
791 1253 1036 1295 abscondere.
1066 1256 1165 1295 Item
1179 1255 1396 1296 :Romanus
1408 1256 1521 1296 miser
1535 1260 1704 1298 imitatur

48 1313 229 1354 Gothum
244 1332 253 1357 ς
276 1317 314 1354 &
336 1320 352 1347 P
371 1310 475 1351 utilis
492 1310 650 1351 Gothus
662 1313 832 1351 imitatur
847 1313 1075 1352 Romanum.
1102 1309 1272 1366 Qidam
1283 1310 1487 1353 defunditis
1501 1312 1553 1352 est
1565 1342 1574 1357 ‚
1590 1318 1624 1354 8.-
1642 1326 1701 1353 re·-

47 1369 159 1424 liquit
175 1381 348 1412 uxorem,
364 1372 402 1409 &
415 1366 612 1422 parvulum
624 1366 746 1407 filium
759 1367 993 1408 nescientem
1007 1379 1180 1408 matrem.
1196 1367 1265 1411 Ab
1276 1368 1405 1422 aliquo
1419 1368 1582 1409 sublatus
1595 1369 1646 1414 est
1658 1369 1705 1410 fi-

47 1425 120 1466 lius
135 1428 214 1476 ejus
226 1422 404 1479 parvulus
419 1451 430 1469 ,
453 1428 491 1465 &
504 1422 641 1464 ducstus
653 1427 692 1464 in
707 1422 815 1464 aliam
827 1427 1065 1479 provinciam
1084 1457 1089 1471 .
1117 1429 1154 1465 &
1172 1423 1354 1464 educatus
1374 1440 1383 1461 t
1412 1424 1533 1464 faetus
1548 1429 1704 1476 juvenis

46 1480 333 1536 quoquomodo
346 1483 552 1520 revertitur
566 1479 611 1521 ad
623 1491 786 1520 matrem
802 1508 812 1525 ‚
839 1481 962 1520 mate‘r
984 1483 1086 1520 enim
1102 1482 1182 1531 jam
1207 1479 1415 1534 sponderat
1438 1484 1571 1520 virum.
1595 1483 1704 1522 cum
1743 1520 1745 1522 ,

45 1536 201 1578 vidisset
215 1547 339 1578 mater
352 1565 360 1580 ‚
382 1534 627 1590 amplectitur
637 1536 756 1576 filium
769 1564 779 1583 ,
800 1535 1033 1576 benedicens
1046 1537 1170 1576 Deum
1185 1536 1206 1575 s
1202 1549 1222 1575 e
1234 1535 1356 1576 filium
1368 1535 1541 1576 revidisse
1554 1567 1563 1580 ,
1589 1543 1627 1578 δε
1648 1535 1706 1577 fe-

45 1597 100 1634 cit
113 1607 200 1633 cum
214 1605 263 1633 eo
276 1591 357 1633 dies
366 1606 452 1632 xxx.
469 1596 507 1634 &
519 1604 609 1633 ecce
621 1594 781 1635 veniens
793 1591 954 1647 sponsus
965 1594 1100 1632 matris
1113 1621 1123 1637 ‚
1144 1590 1282 1634 videns
1287 1596 1475 1643 juvenem
1491 1621 1501 1641 ‚
1529 1595 1701 1633 interro·-

47 1685 226 1713 Caffiodorus
236 1688 312 1713 etiam
323 1687 348 1712 in
359 1684 501 1712 Fastiseam
519 1692 600 1720 ponat
619 1684 772 1712 Consulatu
789 1684 859 1722 Oly·
923 1694 940 1712 o
960 1687 1001 1712 Sic
1011 1685 1170 1721 guberna-vit
1181 1691 1270 1720 gentes
1283 1687 1310 1712 in
1322 1695 1368 1712 una
1386 1688 1455 1712 Rom.
1475 1683 1509 1715 &⁴
1526 1686 1668 1718 Gothorum.
1688 1689 1702 1720 ]

49 1722 99 1748 brii
107 1723 223 1754 junioris
233 1743 241 1752 ‚
249 1726 296 1757 qui
303 1723 354 1749 fuit
362 1732 448 1749 annus
457 1722 556 1749 Natalis
567 1725 702 1750 Dominici
711 1732 772 1756 49¹·
781 1721 861 1755 Vales.
887 1724 1076 1750 Romanorum
1086 1725 1157 1749 enirn
1168 1723 1323 1756 religionem
1333 1721 1469 1757 fidemque
1484 1724 1613 1757 integram
1625 1724 1652 1750 δι
1663 1732 1704 1749 in*

85 1766 111 1784 m
134 1759 216 1783 Mater
225 1757 390 1790 Ero-ilerum]
410 1759 528 1783 Erelieva
546 1758 705 1784 Theoderici
722 1767 805 1784 mater
821 1759 860 1784 di-
886 1760 978 1785 tacitam
990 1759 1104 1784 servavit
1121 1768 1127 1784 z
1143 1758 1450 1793 necquisquameRom.
1468 1758 1499 1785 ad
1524 1762 1648 1786 Arianam
1664 1759 1704 1786 se-

48 1796 119 1821 nitur
129 1793 269 1830 {jordane
277 1795 302 1818 in
317 1792 435 1819 Histoi-ia
444 1793 603 1820 Gothorum
615 1803 622 1820 ;
642 1794 666 1819 in
677 1793 746 1820 libro
756 1803 800 1820 xv.
810 1796 858 1820 Hi·
886 1794 1039 1821 &amtranfi
1047 1803 1074 1820 rc
1081 1796 1107 1819 vi
1123 1795 1324 1830 tormentisque
1339 1795 1495 1830 compulsus
1511 1795 1556 1823 est.
1576 1797 1704 1830 Qinim-

50 1831 137 1858 storiae
151 1830 271 1857 Miscellae
281 1829 397 1856 Trilewa
407 1829 422 1845 '¹‘
434 1838 484 1865 pro
496 1829 608 1856 Eriiewa
617 1829 715 1858 *milia
724 1831 858 1858 abAimoi-
886 1840 930 1857 mo
940 1831 1040 1858 Gothis
1048 1830 1079 1857 ad
1089 1832 1235 1858 Romanam
1245 1831 1322 1858 rransi
1329 1841 1357 1858 re
1367 1831 1445 1858 fidem
1455 1832 1518 1859 tuto
1529 1833 1702 1860 lietzinNe-mo

51 1877 88 1896 no
99 1869 124 1894 in
135 1867 176 1894 lib.
187 1878 206 1893 ι.
217 1866 342 1893 Historiae
354 1867 535 1894 Francorum.
552 1869 668 1902 capitex.
691 1866 768 1894 Idem.
885 1875 1012 1902 praeterea
1023 1867 1106 1903 quiad
1116 1867 1260 1899 Christiani
1274 1869 1364 1896 cultus
1383 1868 1507 1896 Ecclefias
1524 1871 1698 1906 confugiffet,

88 1914 104 1930 n
126 1905 195 1930 Bonae
203 1903 374 1937 voluntatis]
394 1905 435 1930 Sic
445 1911 500 1938 pag.
512 1912 524 1934 7
532 1913 539 1929 t
547 1912 569 1935 7,
589 1904 712 1932 Odoacer
720 1905 798 1931 bonae
807 1913 858 1931 vo-
885 1914 899 1931 a
908 1905 1007 1934 Gothis
1018 1913 1064 1939 per
1074 1906 1127 1931 vim
1137 1904 1280 1932 abstractus
1290 1905 1335 1932 est.
1358 1906 1528 1941 Magistratus
1544 1907 1640 1943 publici
1657 1916 1702 1942 pe-

49 1942 161 1969 luntatis
169 1940 242 1967 fuisse
250 1940 346 1967 dicitur
357 1949 432 1976 :quae
441 1940 544 1967 locutio
554 1950 610 1967 non
627 1941 663 1967 est
681 1943 716 1968 ita
730 1941 835 1968 barbara
851 1960 858 1971 ,
885 1951 931 1968 nes
940 1943 1080 1968 Romanos
1089 1941 1220 1971 man-sere,
1241 1952 1290 1970 nec
1301 1942 1372 1970 ullus
1381 1944 1493 1970 Gothus
1500 1953 1547 1971 eos
1557 1944 1702 1979 geffinAd-

52 1987 83 2006 ut
94 1980 177 2013 prima
185 1977 278 2004 fronte
287 1977 370 2004 videri
379 1976 472 2012 potest.
493 1978 560 2004 Nam
572 1979 599 2005 &
607 1978 724 2005 Velleius
733 1980 857 2006 Patercu—
883 1979 938 2006 haec
947 1979 1100 2015 permissum
1111 1978 1215 2014 semper
1225 1980 1262 2006 est
1272 1982 1403 2006 Romanis
1411 1999 1418 2009 ,
1438 1988 1469 2008 ut
1476 1982 1507 2007 ab
1516 1982 1638 2008 Orientis
1649 1983 1704 2008 lm-

53 2013 338 2043 lusinfinelib.2.eam
348 2013 474 2049 usurpat,
487 2012 547 2042 cum
562 2022 597 2041 ait
615 2024 624 2042 ε.
639 2017 679 2041 Ex
691 2024 738 2051 qua
754 2021 860 2051 apparet
885 2024 1011 2050 peratore
1026 2017 1173 2050 quotannis
1194 2016 1363 2044 Consulatus
1384 2017 1520 2044 honorem
1543 2019 1701 2051 acciperent.

55 2056 149 2081 Varum
156 2051 214 2083 sane'
222 2060 334 2086 gravem
350 2049 458 2080 &borne
472 2050 612 2078 voluntatis
627 2054 714 2078 virum
731 2061 737 2079 ι
753 2054 780 2080 &
797 2060 859 2079 ante
885 2052 964 2080 Unde
975 2055 1000 2081 ὃς
1013 2053 1172 2080 Eutharicus
1184 2052 1377 2089 ipseajtistino
1388 2053 1512 2087 Augusto
1522 2054 1702 2082 Consularem

53 2089 185 2116 Velleium
196 2089 307 2114 Plancus
317 2089 343 2114 in
355 2087 433 2122 Epist.
445 2087 475 2114 ad
485 2088 646 2115 Ciceronem
665 2088 773 2115 8.lib.x.
799 2090 859 2116 Hos
885 2090 1000 2116 trabeam
1008 2091 1106 2124 accepit
1116 2107 1123 2118 ‚
1145 2089 1210 2115 teste
1219 2089 1383 2116 Caffiodoro
1392 2092 1418 2116 in
1429 2089 1464 2116 lib
1484 2093 1507 2118 8.
1517 2091 1598 2126 Epist.
1613 2093 1702 2120 1.Haec

56 2127 145 2154 Graeci
161 2124 411 2160 elegantivocabulo
427 2126 587 2158 ivwmpivour
603 2133 709 2152 vocant.
730 2127 771 2152 Sic
789 2128 859 2153 enim
885 2127 1035 2161 Procopius
1045 2128 1070 2153 in
1080 2127 1122 2153 lib.
1134 2126 1252 2153 2.Goth.
1261 2135 1316 2162 pag.
1324 2125 1592 2155 220.‘aThe0der1·co
1604 2131 1629 2157 ὅ(
1641 2129 1701 2156 suc-

56 2161 246 2190 Artemidorus
256 2160 366 2188 inlib.2.
383 2161 415 2188 de
424 2162 547 2188 Hercule.
563 2161 579 2178 ²*
597 2162 676 2197 Apud
694 2164 815 2190 Senecam
831 2165 858 2190 in
886 2163 1099 2195 cefforibusejus
1115 2161 1240 2197 religiose
1258 2163 1360 2190 servata
1374 2164 1426 2190 effe
1441 2163 1520 2197 dicit,
1540 2164 1700 2202 nullamque

54 2199 122 2227 libro
134 2207 155 2224 1.
165 2197 197 2224 de
206 2199 354 2225 Clementia
369 2199 452 2233 capite
461 2206 498 2230 1⁴3-
518 2197 584 2225 bonae
597 2208 628 2225 ac
637 2198 700 2234 fidae
719 2198 859 2226 voluntatis
887 2199 919 2226 ab
928 2199 1050 2234 iislegem
1059 2200 1203 2226 eflelaram.
1222 2199 1296 2226 Idem.

54 2235 162 2268 ministri
169 2233 295 2262 dicuntur
304 2245 353 2271 pro
362 2235 516 2263 benevolis:
528 2237 554 2263 δε
564 2237 590 2262 in
600 2235 698 2263 libride
714 2237 774 2263 Vita
784 2236 861 2264 Beata
927 2235 940 2269 [
962 2245 978 2271 p
997 2238 1030 2262 Et
1037 2236 1106 2263 utilas
1117 2236 1239 2267 Gothus.]
1264 2237 1294 2263 1·d
1304 2235 1341 2262 est
1350 2255 1357 2266 ,
1378 2236 1452 2264 dives
1462 2237 1572 2265 Gothus
1582 2239 1701 2265 imitatur

53 2275 138 2308 eapite
147 2275 169 2298 8.
180 2271 254 2298 Adde
261 2272 301 2298 his
310 2271 462 2301 Sallustium
471 2275 499 2301 in
509 2274 642 2302 Oratione
649 2272 680 2301 ad
688 2272 823 2302 Caesarem
830 2274 863 2302 de
889 2272 984 2299 luxum
996 2273 1172 2307 locupletium
1183 2274 1287 2299 Roman
1293 2283 1382 2300 orum.
1406 2276 1446 2302 Sic
1455 2275 1525 2301 utilis
1543 2274 1557 2301 a
1566 2277 1702 2309 Gregorio

55 2311 121 2347 Rep.
131 2307 285 2349 ordinanda3
298 2307 315 2345 ξ
334 2308 410 2338 Idem.
891 2310 998 2338 Tui-on.
1007 2309 1098 2345 paffim
1108 2318 1160 2346 pro
1169 2309 1308 2346 locuplete*
1314 2309 1434 2340 sumitur
1445 2328 1453 2342 ‚
1465 2320 1496 2340 ut
1510 2321 1536 2341 v.
1546 2312 1669 2340 einhbn·
1677 2318 1704 2345 4,
