2007 2658
91 75 969 190 HADRIANI
1060 22 1782 220 VALEsu

220 231 1230 289 HISTORIOGRAPHI
1301 236 1604 290 REG11

439 354 594 419 AD
670 351 1385 417 LECTOREM

263 463 1528 566 PRAEFATIO

76 637 722 699 INPOSTERIOREM
745 635 1128 683 tAMMIANI
1155 636 1246 678 (M.
1276 636 1730 683 EDITIONEM.

497 777 507 780 .,
551 745 790 779 ISTORIAM
816 744 999 778 Romanam
1010 741 1194 789 antiquitatis
1207 740 1328 778 studiofi
1339 742 1576 791 semper-ceteris
1587 746 1734 782 omnibus

487 831 503 838 ἱ
521 830 523 832 ,
551 805 616 827 non
642 791 805 827 immerito
830 791 999 840 praetulere.
1036 793 1124 826 Nam
1146 789 1220 827 cum
1241 792 1414 838 Imperium
1437 794 1499 838 jam
1519 794 1590 829 inde
1611 795 1628 829 ὲ
1649 796 1735 840 Julio

486 834 536 883 }
554 840 674 876 Caesare
684 852 774 890 atque
789 840 930 890 Augusto
944 840 1094 876 maximas
1115 852 1149 875 ac
1173 840 1520 891 nobiliffimasEuropae
1531 871 1539 884 ‚
1555 842 1637 878 Afiae
1648 843 1735 879 Afri.

493 898 510 928 ‘s
521 895 533 909 ·”
551 903 657 939 cacque
668 891 850 926 Provincias
862 889 1108 937 compleotatur:
1137 891 1246 925 accidit
1256 903 1303 926 res
1315 892 1538 927 Romanorum
1549 893 1735 941 legentibus,

491 959 516 980 ξ
550 950 583 974 ut
603 953 667 975 uno
686 939 773 975 limul
795 951 939 987 tempore
956 939 988 974 in
1008 940 1095 974 unius
1116 940 1222 987 populi
1244 939 1333 975 bellis
1363 940 1503 977 civilibus
1523 954 1559 976 ac
1578 943 1733 983 externis,

551 990 694 1025 omnium
714 989 877 1025 nationum
892 1012 902 1029 ‚
928 991 961 1024 δε
985 989 1079 1024 totius
1105 987 1169 1022 fere
1188 989 1308 1038 generis
1328 990 1452 1025 humani
1475 1002 1531 1038 per
1551 991 1661 1026 orbem
1672 1002 1735 1026 ter*

551 1051 649 1074 rarum
662 1038 744 1087 gesta
755 1039 966 1089 cognoscant:
994 1051 1056 1087 quo
1068 1037 1137 1086 quid
1149 1036 1213 1079 fieri
1226 1061 1236 1078 ,
1247 1038 1318 1085 quid
1329 1037 1405 1088 fingi
1417 1038 1518 1086 potest
1528 1040 1630 1074 utilius
1641 1051 1732 1089 atque

494 1087 509 1117 ἒ
549 1088 733 1134 jucundius?
760 1092 846 1124 Inter
867 1086 1014 1123 Historiae
1038 1088 1194 1122 Romana:
1206 1088 1338 1122 Latinos
1358 1089 1532 1136 Scriptores
1549 1090 1732 1136 proximum

86 1164 102 1177 -7
140 1172 143 1185 ‹
290 1161 303 1167 ψ
327 1170 329 1172 .
551 1138 704 1172 Cornelio
717 1138 834 1173 Tacito
846 1137 1042 1174 &Suetonio
1053 1136 1242 1183 Tranquillo
1254 1159 1262 1175 ‚
1291 1149 1369 1185 quos
1381 1135 1541 1172 &secutus
1549 1136 1734 1177 est,locum

80 1175 346 1229 affl&
468 1200 524 1228 *a*
551 1196 635 1222 tenet
647 1187 837 1222 'Ammianus
846 1186 1046 1223 Marcellinus
1058 1209 1068 1225 ‚
1094 1197 1141 1220 res
1151 1186 1316 1221 Romanas
1327 1198 1480 1221 annorum
1491 1197 1539 1222 cc.
1552 1198 1678 1224 xxcur.
1691 1188 1730 1223 ab

66 1247 178 1275 exortu
197 1240 314 1275 Nervae
338 1237 373 1273 ad
396 1237 538 1274 Valentis
562 1238 646 1284 Aug.
668 1246 804 1272 mortem
823 1248 920 1272 xxxt.
947 1235 1030 1270 libris
1057 1236 1250 1282 complexus.
1273 1236 1369 1270 Hunc
1388 1234 1459 1270 Itali
1481 1258 1491 1273 ,
1515 1235 1620 1275 Galli,
1645 1237 1733 1283 Vin-¹

67 1288 156 1324 delici
173 1311 184 1328 ‚
210 1287 265 1335 ipsi
285 1287 378 1322 etiarn
401 1286 580 1327 Germani,
611 1285 718 1334 aliique
738 1285 890 1321 clariffimi
919 1287 1055 1333 Europae
1089 1284 1196 1332 populi
1230 1284 1370 1319 certatim
1395 1284 1428 1318 in
1448 1284 1637 1320 membranis
1654 1284 1728 1321 dili-

64 1335 243 1387 gentiffime
261 1335 493 1385 ‘descripserunt
513 1359 523 1375 ‚
551 1337 586 1371 ὃ(
614 1334 646 1368 in
675 1334 874 1370 nobilissimis
905 1347 940 1369 ac
967 1332 1213 1381 locupletiffimis
1241 1332 1445 1367 Bibliothecis
1467 1331 1649 1368 servandum
1673 1336 1731 1369 cti-J

65 1397 219 1423 raverunt„
247 1386 298 1420 Ex
319 1398 381 1433 quo
404 1385 530 1430 judicari
543 1381 665 1432 potest,
692 1385 795 1431 quanti
815 1384 967 1418 celebrem
991 1382 1166 1416 Auctorem
1187 1379 1338 1420 fecerint,
1365 1380 1441 1415 cum
1460 1380 1576 1414 tamdiu
1597 1391 1662 1417 tam
1680 1382 1726 1429 al}

66 1433 319 1482 fidua'moperam
330 1432 486 1471 dederint,
513 1442 546 1465 ut
571 1431 860 1478 (quantuminipfis
873 1435 960 1470 erat)
988 1428 1066 1466 salva
1086 1429 1121 1462 ad
1143 1428 1283 1473 posteros
1302 1429 1367 1472 ejus
1376 1425 1516 1462 Historia
1535 1430 1726 1476 perveniret.

66 1483 283 1531 Intelligebant
293 1481 437 1515 nimirum
448 1480 609 1513 utilitatem
625 1480 759 1524 Operis,
787 1492 848 1525 quo
860 1479 988 1523 plurima
1014 1474 1167 1510 memoria
1187 1473 1362 1524 digniffima
1378 1476 1630 1517 continerentur,
1656 1492 1726 1528 quae

65 1531 102 1566 ab
123 1532 186 1565 aliis
208 1530 319 1577 partim
338 1526 502 1562 transcursu
521 1526 620 1565 dieta,
655 1535 704 1559 aut
722 1526 754 1560 in
774 1535 870 1560 artum
893 1524 1073 1563 contracta,
1099 1523 1210 1572 partim
1221 1524 1315 1560 etiam
1327 1537 1365 1559 ex
1376 1535 1446 1560 toto
1457 1525 1564 1561 omiffa
1574 1526 1634 1562 effe
1645 1532 1728 1564 con-¹

64 1579 167 1614 stabat.
222 1577 297 1613 Post
320 1577 481 1610 inventam
504 1585 599 1610 artem
625 1574 872 1622 Impressoriam,
896 1573 1023 1608 eruditis
1048 1573 1178 1622 ingeniis
1202 1585 1269 1608 non
1291 1573 1396 1609 minor
1414 1573 1470 1609 fuit
1489 1587 1559 1610 cura
1569 1576 1723 1615 librorum

65 1627 240 1663 Ammiani.
277 1629 314 1661 In
336 1625 442 1664 Italia,
465 1624 497 1658 in
510 1623 612 1660 Gallia
633 1633 722 1669 atque
735 1623 906 1659 Germania
915 1622 1000 1657 docti
1012 1623 1145 1670 clarique
1157 1622 1267 1657 critici
1293 1632 1383 1672 atque
1404 1625 1631 1673 Typograpffi,
1659 1640 1723 1675 ope

64 1676 207 1712 codicum
231 1675 427 1722 antiquorum
444 1672 535 1717 adjuti
554 1695 564 1711 ‚
591 1685 649 1719 pro
668 1671 696 1707 se
716 1672 838 1721 quisque
858 1672 1063 1716 Ammianum
1085 1671 1299 1718 publicavere,
1325 1673 1398 1708 dum
1420 1673 1468 1708 alii
1482 1674 1560 1708 alios
1574 1673 1722 1724 sagacita-

65 1735 117 1763 te,
141 1725 255 1771 judicio
273 1735 307 1758 ac
332 1722 437 1758 labore
457 1722 596 1769 superare
613 1722 812 1756 contendunt
833 1736 840 1756 :
868 1733 927 1755 nec
946 1721 1040 1756 ullum
1063 1721 1154 1755 alium
1175 1720 1366 1769 Scriptorem
1385 1722 1477 1756 toties
1498 1723 1578 1771 typis
1590 1724 1721 1760 manda-

62 1785 129 1809 tum
149 1773 288 1808 memini.
315 1772 411 1820 Igitur
432 1783 516 1805 anno
537 1782 574 1806 M.
601 1783 686 1807 cccc.
711 1782 829 1805 Lxxxxr.
885 1771 1023 1809 Romae,
1049 1769 1101 1804 ubi
1126 1769 1551 1819 nata&compositafuerat‚
1577 1773 1720 1821 primum

62 1822 142 1858 edita
156 1822 199 1856 est
214 1820 375 1856 Ammiani
394 1819 567 1855 Marcellini
591 1819 726 1854 Historia
751 1843 760 1858 ‚
795 1818 894 1854 studio
918 1821 960 1855 A.
981 1819 1083 1854 Sabini
1106 1820 1213 1854 Poetae
1234 1820 1367 1856 laureati.
1393 1823 1502 1855 Secuta
1527 1820 1572 1855 est
1593 1823 1720 1858 Roma-

63 1885 136 1906 nam
157 1872 312 1919 aliquanto
339 1868 409 1917 post
438 1867 531 1902 editio
567 1867 774 1903 Bononiensis
803 1868 833 1902 in
864 1868 1013 1911 AEmi-lia3
1042 1880 1118 1902 mox
1152 1867 1321 1903 Bafilienfis
1354 1869 1505 1914 Johannis
1537 1871 1681 1906 Frobenii
1704 1887 1715 1915 ;

63 1930 131 1955 turn
147 1920 234 1954 unius
253 1917 448 1965 ejusdemque
466 1917 536 1950 anni
558 1916 623 1951 duae
638 1946 645 1957 ‚
676 1918 767 1952 altera
790 1917 970 1965 Mariangeli
994 1916 1128 1951 Accurfii
1143 1916 1288 1964 Augustae
1302 1918 1539 1954 Vindelicorum
1552 1942 1562 1958 ‚
1590 1934 1620 1957 v.
1632 1920 1718 1955 libris

64 1969 226 2004 Ammiani
243 1966 384 2008 auftior3
409 1966 499 2000 altera
520 1966 706 2013 Hieronymi
728 1966 870 2000 Frobenii
896 1966 1044 2011 johannis
1066 1965 1118 2000 filii
1132 1966 1246 2001 Basiliae
1258 1970 1471 2016 Sequanorum
1485 1992 1497 2009 ‚
1528 1979 1651 2004 curante
1670 1970 1717 2004 Si-

60 2017 224 2066 gismundo
237 2016 375 2052 Gelenio
386 2028 396 2048 t
424 2027 507 2048 anno
519 2028 536 2048 x
547 2025 580 2049 ιι
596 2025 624 2052 ι,
654 2014 721 2063 post
733 2015 841 2049 iterum
853 2015 907 2049 alia
919 2015 1062 2050 Frobenii
1075 2014 1210 2054 Bafiliae,
1237 2029 1302 2051 uno
1319 2016 1398 2051 libro
1409 2017 1615 2065 locupletior:
1643 2018 1716 2053 Ro-

61 2067 138 2102 berti
150 2065 313 2113 Stephani,
342 2063 452 2098 deinde
463 2064 591 2098 Henrici
601 2064 746 2112 Stephani
766 2064 917 2099 editiones
931 2064 1069 2099 Luteciae
1080 2064 1281 2104 Parisiorum,
1309 2065 1717 2116 SebastianiGryphiiLug-

61 2115 132 2151 duni
148 2114 401 2164 Segusianorum,
428 2112 496 2147 alibi
522 2112 608 2150 aliae‚
639 2126 711 2161 quas
734 2112 865 2162 fingulas
889 2126 923 2147 ac
945 2113 1099 2149 universas
1116 2126 1295 2154 enumerare
1308 2114 1432 2150 difficile
1444 2114 1524 2150 fitac
1535 2114 1714 2163 supervaca-

61 2176 164 2202 neum.
177 2166 231 2200 rEt
243 2164 284 2199 illi
296 2161 418 2212 quidem
428 2161 573 2196 Editores
589 2161 624 2197 ad
645 2175 741 2197 unum
753 2175 865 2198 omnes
878 2162 1101 2198 tantummodo
1122 2174 1318 2203 curaverant,
1343 2172 1377 2198 ut
1398 2164 1603 2199 Ammianum
1625 2166 1713 2200 Mar-

19 2234 23 2237 ·
63 2214 206 2249 cellinurn
226 2211 470 2249 emendatiorem
493 2213 524 2245 &
543 2206 713 2247 auctiorem
735 2212 928 2249 haberemus.
956 2212 1076 2249 Primus
1101 2212 1272 2247 Fridericus
1295 2212 1544 2261 Lindenbrogius
1557 2215 1713 2248 Hamma-

63 2261 215 2312 burgenfis
225 2265 254 2308 J.
267 2263 309 2299 C.
322 2261 368 2298 vir
389 2260 522 2294 eruditus
544 2261 580 2296 Sc
599 2261 732 2310 diligens
743 2284 753 2300 ‚
765 2261 849 2309 quod
872 2273 968 2297 nemo
979 2271 1066 2297 antea
1078 2271 1247 2295 tentaverat
1257 2285 1267 2300 ‚
1293 2260 1393 2295 facere
1401 2262 1550 2311 aggressus
1563 2261 1606 2296 est
1618 2277 1627 2304 ;
1653 2274 1712 2297 nec

59 2311 338 2348 contentusauxiiio
349 2309 465 2361 codicis
478 2309 650 2347 Florentini
660 2310 757 2360 aliqua
778 2311 810 2347 in
825 2311 999 2349 Ammiano
1019 2308 1179 2346 correxisse
1191 2332 1201 2347 ‚
1229 2323 1312 2346 anno
1323 2322 1439 2359 Nunc.
1458 2322 1507 2348 1x.
1535 2311 1711 2347 Auctorem

1153 2369 1161 2396 (
1178 2364 1216 2398 a)
