2007 2658
301 103 372 151 74
509 86 568 134 L1
577 85 628 133 Β.
644 84 749 136 xv·
778 87 819 134 c
830 85 922 132 ΑΡ.
939 83 1019 130 111-
1129 79 1769 145 {saturat1⁸1²re3ffizi‘303ir.3¹.3·⁸‘
1780 84 1850 108 ‘²⁰⁰‘

305 167 450 205 tionem
464 163 596 219 pretiis
608 172 866 203 mercarentur
877 157 1087 200 immensis:
1102 168 1234 198 tenues
1249 158 1344 199 vero
1356 185 1368 205 ‚
1399 157 1416 177 ²
1429 157 1570 212 quibus
1581 158 1733 214 exiguae
1743 160 1841 201 vires
1852 159 1977 221 erariis

305 221 356 265 ad
368 219 631 261 redimendam
642 219 799 260 salutem
812 228 878 258 aut
890 216 1002 257 nullae
1015 243 1027 264 ,
1057 215 1338 256 damnabantur
1351 214 1525 268 abrupte.
1567 215 1747 270 Ideoque
1761 219 1800 257 ὃς
1820 218 1972 277 νει-ἰωῇ

307 277 514 318 mendaciis
528 276 744 324 velabatur,
773 278 812 316 &
825 274 976 315 valuere
989 286 1062 326 pro
1077 273 1176 314 veris
1188 272 1393 325 aliquoties
1405 270 1507 312 falsa.
1538 271 1752 314 Perductus
1762 271 1967 321 estiisdem‘f
1996 284 1998 286 ’

307 334 442 375 diebus
455 337 493 374 &
506 333 730 388 Gorgonius
743 361 755 380 ,
785 332 849 372 cui
861 343 940 370 erat
953 329 1111 369 thalami
1123 327 1328 369 Caesariani
1339 341 1430 368 cura
1441 328 1659 369 commissa:
1691 330 1861 385 cumque
1871 324 1972 379 eund

308 390 488 431 ausorum
502 388 610 430 fuiss'e
624 390 854 444 participem
868 385 1191 439 concitoremque
1203 385 1396 424 interdum
1409 412 1421 432 ,
1434 398 1483 425 ex
1494 384 1665 426 confesso
1678 397 1826 440 pateret
1837 415 1850 435 ,
1866 401 1915 429 co
1960 387 1963 390 ’

309 447 514 501 spiratione
525 445 741 501 spadonum
756 474 765 490 ,
783 443 931 498 justitia
943 443 1182 483 concinnatis
1194 441 1401 481 mendaciis
1411 441 1643 483 obumbrat-:1
1654 471 1667 491 ,
1681 444 1855 498 periculo
1866 457 1915 486 ev

308 504 412 544 lutus
423 501 606 544 abscessit.

369 560 408 601 C
422 573 448 600 A
465 574 498 600 Ρ.
528 560 546 600 I
560 560 578 599 1
593 559 622 599 Ι.
656 557 701 598 H
704 569 757 596 aec
769 555 864 596 dum
878 554 1096 595 Mediolani
1106 563 1274 609 aguntur
1285 584 1303 601 ,
1331 553 1551 596 militarium
1564 567 1726 597 caterva:
1738 555 1786 596 ab
1798 556 1941 598 Orient

310 617 507 672 perdu&ae
520 615 541 655 s
538 626 605 655 unt
617 613 838 667 Aquileiam
851 639 863 660 ,
895 625 985 651 cum
997 611 1130 651 aulicis
1142 610 1316 665 pluribus
1328 638 1341 658 ,
1368 611 1546 652 membris
1567 613 1665 654 inter
1678 623 1830 653 catenas
1842 613 1944 655 fluen

310 674 413 714 tibus
436 673 612 726 spiritum
633 669 826 710 trahentes
846 669 1032 723 exiguum
1050 695 1063 715 ,
1092 666 1333 721 vivendique
1349 680 1475 708 moras
1498 680 1565 721 per
1579 683 1767 710 aerumnas
1788 668 1948 712 detestat
1995 698 2004 725 ,ψ

312 729 562 783 multiplices.
604 726 895 769 Arcessebantur
913 726 1015 765 enim
1037 723 1197 765 ministri
1218 722 1328 764 fuisse
1336 723 1444 765 Galli
1454 722 1672 766 ferocientis
1683 753 1694 773 ‚
1726 726 1877 781 perque
1897 740 1920 768 e
1995 730 2001 773 l

312 786 563 828 Domitianus
575 783 790 838 discerptus
803 781 1028 823 credebatur
1039 809 1051 829 ,
1081 785 1120 822 ὃ(
1135 780 1314 821 Montius
1324 809 1336 829 ,
1367 785 1407 822 δε
1417 781 1481 822 alii
1494 780 1581 835 post
1591 795 1658 823 eos
1668 782 1743 823 affl
1753 784 1791 823 in
1801 784 1923 825 exitiu
1992 782 2002 843 1

313 855 505 897 praeceps,
539 850 552 867 ³
574 841 638 882 Ad
651 853 752 894 quos
769 839 983 880 audiendos
996 838 1183 880 Arborius
1195 838 1324 879 missus
1334 837 1387 878 est
1398 865 1410 885 ,
1423 842 1462 879 ὃ(
1475 837 1661 880 Eusebius
1672 839 1860 881 Cubiculi
1872 849 1943 881 tun
1992 839 2005 900 ζ’

315 898 549 953 Praepossttis
562 926 574 945 ,
602 897 719 937 ambo
739 895 1026 937 inconsideratae
1039 895 1231 949 jastantiae
1245 924 1255 940 ,
1286 894 1413 948 injusti
1435 895 1579 949 pariter
1599 899 1639 936 δε
1662 897 1836 937 cruenti:
1870 895 1952 952 bqu
1994 923 1995 950 3

315 955 419 996 nulla
431 954 724 1010 perspicacitate
740 981 752 1000 ‚
780 952 855 994 fine
875 953 1140 993 innocentium
1161 951 1408 1006 sontiumque
1417 951 1658 1000 differentia,
1690 952 1786 993 alios
1806 952 2007 1019 verberisslf}

316 1011 386 1052 bus
398 1012 460 1052 vel
473 1012 674 1052 tormentis
686 1010 866 1051 adflietos
887 1008 1048 1049 exsulari
1062 1021 1180 1062 poena
1190 1008 1421 1048 damnarunt
1435 1036 1448 1055 ,
1482 1017 1495 1034 Ε
1510 1008 1702 1063 quosdam
1721 1009 1773 1050 ad
1792 1009 1926 1051 infima
1969 1023 1973 1030 ‘
1991 1006 2007 1061 ’γ

315 1067 458 1109 trusere
470 1068 647 1108 militiam
664 1098 676 1115 ,
707 1065 876 1107 residuos
895 1065 1124 1119 capitalibus
1138 1064 1322 1105 addixere
1333 1063 1546 1120 suppliciis·
1586 1063 1842 1120 Impletisque
1858 1064 1952 1106 fune
1992 1072 2007 1107 ’τ

316 1138 401 1165 rum
414 1124 533 1164 bustis
542 1151 555 1171 ,
583 1122 718 1164 reversi
730 1123 836 1164 velut
847 1133 1006 1164 ovantes
1016 1153 1033 1170 ,
1063 1120 1168 1178 gesta
1178 1121 1389 1162 retulerunt
1399 1121 1450 1162 ad
1461 1121 1682 1176 Principem
1695 1149 1707 1169 ,
1735 1134 1826 1177 erga
1834 1120 1918 1162 haec
1979 1127 2003 1166 2¹.

316 1179 452 1221 similia
461 1179 587 1234 palam
598 1179 831 1220 obstinatum
844 1183 880 1220 &
895 1192 1062 1234 gravem.
1095 1177 1375 1220 Vehementius
1386 1177 1475 1218 hinc
1487 1181 1526 1219 ὃ(
1538 1178 1680 1218 deinde
1691 1177 1945 1220 Constantius
1992 1200 2003 1243 ‚a

317 1236 423 1292 quasi
435 1235 703 1291 praescriptum
715 1235 885 1276 fatorum
897 1236 1073 1277 ordinem
1085 1233 1335 1276 convulsurus
1346 1262 1358 1282 ‚
1384 1233 1529 1275 recluso
1540 1235 1696 1289 pectore
1709 1235 1866 1290 patebat
1881 1233 1950 1276 insi

316 1293 511 1334 diantibus
529 1293 670 1332 multis.
702 1292 826 1332 Unde
839 1305 1039 1333 rumorum
1050 1304 1220 1346 aucupes
1236 1291 1364 1332 subito
1379 1289 1556 1332 exstitere
1569 1291 1790 1346 complures
1802 1322 1813 1342 ,
1843 1290 1924 1331 hon

318 1362 405 1391 rum
416 1349 578 1390 vertices
589 1348 691 1402 ipsos
707 1346 836 1388 ferinis
849 1347 1033 1388 morsibus
1053 1347 1279 1402 adpetentes
1293 1375 1305 1394 ‚
1335 1347 1548 1401 posteaque
1563 1360 1751 1402 pauperes
1766 1351 1806 1390 δε
1825 1346 1928 1389 divit

319 1423 396 1452 ptum
404 1414 507 1442 habent.
522 1413 638 1442 Proinde
647 1423 702 1441 non
714 1413 830 1441 dubitavi
839 1416 906 1452 quin
914 1413 991 1441 Iocus
1001 1415 1036 1441 ita
1043 1422 1129 1441 emen·
1162 1413 1274 1443 videam,
1293 1413 1380 1441 malim
1398 1413 1499 1449 legere.
1526 1415 1588 1442 mdlo
1601 1414 1772 1453 perspicaciter
1787 1414 1918 1452 e'nqmssro,
1934 1421 1953 1442 u

320 1451 422 1480 dandus
432 1452 494 1479 esset
503 1460 534 1479 ut
541 1451 680 1479 edidimus.
702 1449 784 1486 ValeJ.
1161 1451 1284 1486 loquitur
1294 1452 1325 1477 Α.
1337 1451 1504 1478 Marcellinus
1513 1451 1582 1479 libro
1590 1460 1632 1487 29.
1649 1454 1721 1490 queit
1728 1450 1925 1491 omnibuspersp‘

358 1498 375 1516 z
395 1487 496 1526 Qibus
505 1490 599 1524 exigua·
605 1498 644 1514 res
652 1494 725 1514 erant
735 1487 771 1514 ad
775 1487 1014 1522 tuendamfitlutem.
1024 1488 1037 1524 ]
1059 1487 1132 1514 ‘rota
1159 1490 1220 1514 citer
1228 1490 1299 1523 inqui
1309 1489 1361 1514 tris.
1382 1487 1398 1504 ”
1419 1489 1429 1515 Ι
1433 1488 1501 1515 dem.

322 1525 482 1553 haeclineain
494 1523 857 1552 EditioneRornanadeerat:
878 1532 957 1559 quam
975 1525 1132 1560 partimsig.
1194 1533 1209 1550 c
1227 1485 1939 1587 Qossa'amadinfimamrrsafiremiliriam.hlnterpoen
1972 1550 1974 1554 .

323 1562 454 1590 Gelenius
471 1571 503 1589 ex
514 1560 689 1589 Hirsseldensi
705 1560 796 1587 codice
810 1579 817 1590 ,
844 1563 939 1596 partim
954 1560 1130 1594 Mariangelus
1159 1560 1284 1586 militares
1294 1560 1416 1587 fuitolim
1425 1561 1522 1593 gradus
1531 1561 1660 1594 dejectio,
1678 1568 1709 1587 ut
1717 1562 1753 1587 ait
1793 1561 1930 1588 odestinus
1938 1563 1974 1589 in'

323 1598 465 1628 Accurfius
475 1608 507 1626 ex
517 1598 570 1626 fide
579 1597 668 1633 scripti
676 1597 834 1632 exemplaris
847 1596 974 1631 explevit.
1002 1597 1060 1631 Ego
1070 1595 1131 1623 Edi·
1158 1596 1214 1631 lege
1224 1604 1244 1628 3.
1268 1596 1300 1622 D.
1311 1596 1380 1623 dere
1389 1597 1511 1624 militari:
1532 1605 1592 1633 quae
1604 1606 1660 1624 uno
1669 1596 1754 1624 verbo
1770 1596 1918 1632 regradatio
1929 1596 1955 1625 di

323 1639 428 1664 tionem
438 1635 556 1663 Accursii
572 1635 622 1662 hoc
638 1636 664 1661 in
681 1634 742 1661 loco
758 1633 831 1670 sequi
846 1633 940 1663 malui,
959 1635 1057 1670 quippe
1073 1641 1132 1669 quae
1156 1635 1226 1660 citur
1237 1631 1347 1662 Latine.
1366 1635 1467 1662 Gra-cis
1483 1635 1676 1667 ῃη-αζιεασμὲε.
1696 1631 1774 1660 utest
1789 1635 1816 1661 in
1830 1630 1965 1662 veteribu'

323 1673 482 1700 auetoritate
491 1674 566 1706 Regii
574 1671 669 1699 codicis
677 1669 899 1698 confirmaretur.
924 1671 965 1698 Sic
978 1672 1050 1697 enim
1063 1672 1089 1696 in
1099 1679 1132 1696 eo
1159 1669 1268 1697 Gloms.
1299 1671 1362 1698 Eam
1378 1670 1588 1706 regradationem
1603 1669 1728 1706 intelligit
1737 1669 1828 1697 noster
1839 1669 1966 1704 Marcelli.

324 1710 465 1738 scribitur:
484 1707 575 1746 quibus
581 1711 711 1744 exiguaeve
718 1717 757 1734 res
764 1714 835 1734 erant
841 1707 878 1735 ad
882 1706 1050 1735 redimendam
1059 1706 1132 1744 salu-
1160 1717 1212 1734 nus
1222 1709 1247 1734 in
1259 1707 1300 1734 lib.
1309 1715 1352 1739 24.
1367 1706 1426 1735 cium
1436 1708 1514 1736 dicit.-
1534 1707 1652 1745 Reliquos
1659 1717 1690 1735 ex
1699 1717 1728 1735 u
1735 1706 1830 1734 cohorte
1842 1709 1888 1745 qm*
1899 1707 1944 1744 ab)

323 1754 374 1775 tem
382 1754 427 1774 aut
433 1745 510 1773 nulla.
534 1744 595 1780 [Ira
604 1747 666 1773 &in
678 1744 927 1782 MCColbertino]
949 1743 1024 1772 Idem.
1159 1743 1372 1780 Hesustinuerant
1385 1747 1504 1782 impetum
1515 1743 1694 1780 graffioni-mn,
1713 1743 1751 1771 ad
1757 1743 1819 1780 pede
1853 1753 1893 1771 em
1906 1753 1919 1772 e

365 1793 379 1810 a
399 1781 650 1820 Adquosaudiendos
660 1781 759 1808 Arbora
767 1781 869 1818 mtffiese
891 1783 919 1819 .]
942 1782 1061 1808 Romana
1071 1780 1134 1807 Edi·
1156 1783 1224 1817 pcgit
1232 1781 1368 1812 militiam,
1386 1791 1440 1819 quae
1447 1781 1618 1818 onerosiorest,
1638 1780 1807 1817 dignitatibus
1822 1782 1965 1809 iniminutis

325 1822 366 1848 tio
388 1819 437 1854 [&
453 1819 539 1847 codex
553 1819 751 1856 Colbertinus]
773 1819 844 1847 hunc
870 1827 950 1846 ocum
965 1818 998 1846 sic
1008 1819 1133 1854 praesere-
1159 1819 1211 1845 Ubi
1225 1827 1281 1845 non
1297 1818 1383 1846 solnm
1399 1818 1546 1855 regradario
1562 1837 1568 1847 .
1590 1818 1633 1845 scil
1648 1820 1674 1847 ὃς
1685 1818 1783 1846 miliriae
1799 1820 1914 1846 mutatio
1923 1817 1962 1846 est

327 1858 403 1884 bant:
422 1855 459 1883 ad
471 1865 531 1893 quos
546 1855 641 1883 avodos
649 1855 776 1883 Arborum
791 1854 874 1891 miffias
887 1855 934 1892 est:
955 1864 1043 1892 neque
1056 1855 1133 1882 aliter
1159 1855 1209 1882 Sed
1220 1855 1374 1884 sollemnem
1384 1856 1575 1891 regradationis
1590 1864 1694 1883 morem
1710 1864 1791 1883 nemo
1806 1854 1955 1884 luculentih

325 1895 426 1930 Regius
435 1893 519 1920 codex
530 1914 537 1924 ‚
557 1892 604 1920 nisi
615 1891 691 1928 quod
702 1891 814 1919 Arborus
822 1892 905 1920 habet.
934 1893 1065 1929 Equidem
1079 1901 1134 1920 cre·
1159 1892 1285 1930 explicat.
1306 1893 1388 1929 quarn
1406 1896 1438 1921 D.
1448 1895 1636 1930 Hieronymus
1652 1895 1677 1920 in
1687 1892 1803 1930 Epistola
1817 1891 1847 1919 ad
1857 1893 1943 1921 Pamm

327 1931 438 1958 diderim
446 1929 569 1958 Arborio:
578 1929 744 1957 scribendum
751 1929 817 1957 esse:
839 1929 855 1946 ⁸
872 1928 938 1958 sicut
948 1932 974 1958 in
986 1929 1035 1958 Mc
1048 1929 1135 1956 Tolo-
1159 1930 1247 1957 chium
1261 1933 1492 1966 contraOrigenis
1507 1930 1659 1958 secutores.
1681 1931 1727 1957 rin
1745 1939 1758 1956 e
1773 1948 1781 1960 ‚
1799 1930 1889 1966 inquit
1901 1948 1908 1959 ,
1921 1929 1954 1958 a!

326 1967 390 1995 sano
399 1974 535 1995 exaratum
545 1966 591 1994 est.
623 1966 638 1982 ⁴⁸
651 1966 758 1994 Arborii
767 1966 903 2001 cujusdam
913 1969 965 1994 viri
973 1965 1138 1995 Praefeelorii
1159 1976 1233 2004 quem
1243 1965 1567 2004 Tribimiciaepotefiatisfito
1575 1969 1721 2002 virini-egra
1738 1972 1824 1997 anmi,
1838 1965 1926 2032 polivi

327 2006 448 2032 meminit
457 2003 586 2041 Sulpicius
597 2005 623 2030 in
633 2003 674 2030 lib.
689 2013 710 2030 1.
724 2004 756 2032 dc
766 2005 820 2031 vita
828 2005 953 2032 Martini:
976 2003 993 2020 *¹
1007 2003 1037 2031 ad
1055 2012 1135 2039 quem
1161 2005 1187 2032 la
1195 2003 1313 2031 militiae
1340 2003 1641 2041 cestrisofflciaadtironis
1649 2002 1801 2031 vocabulum
1817 2001 1881 2030 devo

327 2042 399 2069 missa
417 2041 454 2069 cst
469 2040 512 2068 lex
530 2049 591 2068 xvi.
616 2040 724 2068 Codicis
742 2040 920 2069 Theudoriam·
934 2041 968 2068 de
983 2039 1137 2069 pistoribus.
1164 2043 1220 2069 Non
1228 2050 1259 2067 ex
1269 2043 1312 2068 Tri
1328 2041 1586 2079 {mostarimfiettiroz
1599 2038 1943 2077 fidame'Primieeriunde'

329 2080 371 2106 De
379 2079 473 2106 codem
482 2078 642 2106 Paulinusin
655 2076 709 2105 fine
720 2077 778 2105 libri
789 2087 828 2105 ιι.
842 2077 936 2105 devita
945 2079 1063 2106 Martini.
1089 2080 1140 2105 At·
1162 2077 1191 2105 de
1207 2080 1310 2104 Senator
1326 2097 1333 2108 .
1352 2080 1509 2106 Dncrnarins
1521 2096 1528 2108 ,
1548 2077 1669 2105 Biarchus
1684 2095 1691 2106 »
1718 2078 1825 2103 Circiror
1836 2094 1844 2106 .
1864 2078 1948 2115 Eques

329 2116 417 2150 qucid
427 2124 527 2143 nomen
544 2124 592 2152 per
600 2114 695 2142 Gallias
713 2114 905 2142 nobiliffimum
915 2114 1006 2144 finisse.
1026 2113 1139 2142 testatur
1162 2112 1248 2141 deinde
1255 2117 1310 2141 tire.
1331 2117 1528 2153 thuamqrmm
1537 2113 1659 2142 Tribunus
1683 2112 1789 2140 nondam
1802 2112 1940 2150 milesgreg

330 2151 469 2180 Ausonius
480 2154 505 2179 in
516 2151 709 2181 Parent-libus,
729 2152 857 2179 Carmine
868 2161 908 2180 iv.
925 2150 941 2167 ⁰
980 2151 1057 2180 Idem.
1163 2149 1266 2186 messit,
1283 2157 1369 2178 tamen
1377 2162 1408 2179 ex
1417 2152 1522 2180 Tribuni>
1530 2159 1576 2177 mm
1583 2153 1644 2180 tiro.
1673 2149 1705 2177 ed
1715 2149 1908 2187 Primt'cerr'uss

369 2188 384 2203 ·
406 2189 422 2216 b
444 2189 518 2215 Nulla
529 2189 723 2227 perspicacitate.
742 2189 756 2226 ]
785 2190 827 2216 Sic
841 2191 963 2217 correxit
979 2187 1136 2217 meursius,
1162 2187 1201 2223 est.
1218 2188 1282 2215 Haec
1290 2197 1377 2216 aurem
1388 2189 1580 2224 regradationis
1588 2187 1851 2224 poenalmpp.restri
1871 2189 1906 2215 tis

328 2224 388 2253 siim
399 2227 425 2253 in
436 2226 563 2253 Editione
577 2228 697 2254 Romana
713 2225 864 2262 reperisset.
883 2226 946 2254 nudo
958 2226 1137 2264 perspicaciter.
1163 2224 1276 2252 solebat:
1298 2233 1328 2253 ut
1338 2228 1496 2254 nominarim
1513 2227 1538 2252 in
1548 2225 1604 2261 lege
1612 2233 1635 2252 2.
1650 2222 1832 2253 Cod.’rheod.
1867 2231 1938 2253 ecur

331 2263 390 2297 Ego
399 2261 466 2290 vero
482 2260 543 2289 oiim
552 2263 684 2291 Editionis
700 2263 827 2290 Romanae
843 2261 1001 2299 scripturam
1018 2262 1137 2299 reliquo·
1160 2261 1267 2296 publico
1283 2272 1290 2291 :
1318 2264 1446 2292 Promotus
1466 2262 1650 2300 regradationis
1673 2261 1819 2292 hmilirate
1844 2260 1971 2299 pleffn'q
2002 2266 2007 2292 i

328 2307 392 2328 rum
401 2300 459 2329 Mis.
480 2298 531 2337 [iu
548 2302 640 2338 primis
655 2300 832 2338 Colbertini]
854 2299 987 2333 consensu
1003 2299 1134 2330 firmatam
1159 2299 1243 2338 Idem.
1961 2315 1964 2319 -
2003 2293 2006 2306 '
