2007 2658
120 101 861 137 mmsumnus&v=¹en=¹==121=0⁵mv2¹en=e
930 103 1538 154 Liss.xxx1.CA1>.xiii.
1611 106 1708 170 699

152 143 239 167 AuiVL
249 141 273 165 δι
284 139 538 165 valentinianoA.11.
548 136 615 163 Coss'.
623 142 698 162 Anno
705 134 763 161 Chr.
772 141 828 166 37³.

51 185 177 238 naque
189 181 481 238 confligentium
495 191 626 221 mutua
656 188 672 216 q
693 191 735 218 ac
747 176 865 217 humo
878 176 1108 229 corporibus
1121 178 1244 218 stratis
1255 208 1266 227 ,
1280 184 1405 234 campi
1416 183 1629 236 peremptis
1641 183 1713 221 im.

48 239 266 295 pletisunt:
282 243 320 279 &
339 233 586 277 morientium
607 237 771 290 gemitus
796 230 1072 288 profundisque
1092 233 1311 273 vulneribus
1333 236 1605 277 transfixorum
1625 250 1711 277 cum

50 299 195 336 timore
205 293 617 346 audiebanturingenti.
652 292 694 329 ln
711 290 786 329 hoc
799 299 911 329 tanto
925 291 1082 340 tamque
1102 287 1267 328 confusae
1290 292 1344 329 rei
1361 290 1527 330 tumultu
1547 292 1712 333 exhausti

48 353 182 393 labore
196 357 233 393 ὅ(
246 347 423 405 periculis
434 347 586 401 pedites
599 375 609 391 ‚
639 349 726 386 cum
739 344 922 399 deinceps
934 356 1059 397 neque
1072 346 1171 383 vires
1184 344 1256 384 illis
1271 374 1280 390 ‚
1312 358 1439 401 neque
1451 358 1603 386 mentes
1624 348 1713 402 sup⁴

47 419 231 462 peterent
245 405 292 445 ad
306 402 509 444 confilium
523 433 532 448 ‚
562 397 746 442 diffractis
761 400 945 441 hastarum
959 398 1148 454 plerisque
1160 400 1362 441 collisione
1391 401 1528 443 assidua
1539 432 1548 447 ‚
1578 402 1712 458 gladiis

46 465 226 504 contenti
237 460 425 501 destric'tis
439 462 476 499 in
489 458 684 500 confertas
694 455 856 497 hostium
872 468 1014 496 turmas
1027 455 1250 511 mergebant
1262 456 1301 495 se
1313 484 1324 502 ‚
1357 457 1486 499 salutis
1507 463 1712 511 immemo-

46 532 108 559 res
119 547 129 563 ‚
162 515 529 570 circumspectantes
541 514 763 569 ademptum
775 511 850 552 esse
859 525 978 551 omne
990 510 1179 552 evadendi
1192 507 1416 567 suffragium.
1451 518 1500 554 Et
1529 518 1620 568 quia
1643 515 1713 555 hu-

43 587 128 615 mus
142 577 236 615 rivis
248 584 387 627 operta
397 572 608 627 sanguineis
619 567 759 626 gressus
770 568 901 609 labiles
924 567 1123 609 evertebat
1136 597 1146 613 ‚
1178 567 1416 609 conabantur
1437 569 1564 610 modis
1586 574 1712 610 omni-

42 629 113 670 bus
129 633 247 671 vitam
261 627 486 683 impendere
496 641 577 668 non
592 625 772 666 inultam:
798 624 898 665 adeo
922 637 1064 680 magno
1087 627 1303 665 animorum
1325 625 1469 665 robore
1498 635 1510 651 ¹
1536 625 1709 680 oppositi

43 684 375 731 incumbentibus,
403 696 447 724 ut
457 687 573 724 etiam
586 681 673 722 telis
685 679 837 736 quidam
855 683 1248 736 propriisinterirent.
1281 682 1387 722 Atra
1411 681 1577 736 denique
1597 696 1710 722 cruo-

43 745 95 783 ris
105 741 202 783 facie
212 744 343 781 omnia
352 740 624 784 conturbante,
640 744 678 780 &
691 750 937 792 quocumque
950 736 988 777 se
1002 736 1231 776 inflexerant
1244 737 1345 776 oculi
1360 741 1508 779 acervis
1521 737 1710 778 caesorum

41 798 201 856 aggestis
215 827 224 843 ,
259 801 472 838 exanimata
483 795 666 837 cadavera
676 793 756 834 sine
768 796 1005 849 parcimonia
1017 793 1423 847 calcabanturSolque
1435 793 1634 834 sublimior
1644 793 1712 834 de-

40 855 154 895 curso
168 856 301 894 Leone
313 853 360 894 ad
371 853 608 893 domicilium
630 849 786 890 caelestis
809 851 979 905 Virginis
1004 848 1214 893 transiens,
1246 851 1446 890 Romanos
1469 853 1589 904 magis
1609 862 1711 890 attea

40 909 318 952 nuatosinedia
333 909 469 962 sitique
480 905 707 954 confestos,
740 908 855 945 etiam
869 919 1061 945 armorum
1083 905 1328 961 gravantibus
1340 905 1493 946 sarcinis
1515 906 1710 946 exurebat.

39 966 113 1007 Ad
132 966 306 1005 ultimum
321 963 568 1004 incumbente
587 962 836 1003 Barbarorum
852 961 1028 1016 pondere
1037 964 1136 1001 acies
1155 962 1345 1002 inclinatae
1360 963 1591 1006 nostrorum,
1603 960 1711 1016 quod

37 1021 162 1062 solum
175 1019 377 1076 postremis
392 1020 502 1060 malis
515 1020 677 1059 habuere
690 1018 916 1071 subsidium,
930 1017 1133 1058 incondite
1149 1019 1248 1072 (qua
1259 1018 1418 1072 quisque
1427 1020 1611 1074 poterat)
1625 1031 1712 1059 ver-

38 1089 175 1119 tuntur
188 1081 226 1115 in
239 1076 371 1130 pedes.
407 1077 589 1129 Dumque
601 1087 739 1115 omnes
751 1073 905 1130 dispersi
922 1087 990 1130 per
1002 1078 1160 1130 ignotos
1182 1078 1358 1115 tramites
1387 1074 1550 1120 cedunt,
1584 1076 1712 1129 Impe-

41 1145 149 1174 rator
160 1131 251 1172 diris
265 1132 471 1186 pavoribus
485 1130 767 1185 circunisaeptus
777 1160 786 1175 ,
822 1131 1097 1185 paullatimque
1111 1130 1278 1170 infiliens
1290 1129 1468 1171 funerum
1479 1130 1606 1171 moles
1619 1159 1630 1177 ,
1661 1129 1709 1170 ad

39 1189 270 1231 Lancearios
283 1186 459 1244 confugit
473 1192 510 1230 &
542 1197 557 1222 9
577 1190 821 1229 Mattiarios:
848 1191 913 1241 qui
926 1186 1014 1227 dum
1027 1186 1240 1227 multitudo
1265 1186 1505 1228 tolerabatur
1526 1186 1675 1227 hostilis
1696 1214 1708 1232 ‚

40 1244 130 1286 fixis
143 1243 371 1298 corporibus
390 1244 572 1284 steterant
586 1242 805 1284 inconcuffl.
842 1246 979 1298 quue
1002 1242 1086 1284 viso
1100 1245 1288 1295 Trajanus
1300 1243 1489 1284 exclamat
1507 1275 1517 1290 ,
1546 1241 1653 1297 spem
1666 1255 1711 1282 o-

39 1313 170 1341 mnem
184 1299 478 1354 absumptam,ni
490 1298 663 1340 desertus
675 1298 721 1339 ab
734 1300 951 1355 Armigeris
965 1300 1149 1354 Princeps
1170 1299 1305 1340 saltem
1324 1299 1545 1341 adventicio
1559 1309 1709 1354 tegere·

37 1367 101 1397 tur
112 1357 262 1397 auxilio.
289 1357 460 1411 Hocque
471 1354 603 1397 audito
619 1355 759 1396 Vfflror
770 1358 928 1395 nomine
949 1357 1096 1397 Comes
1116 1356 1283 1398 Batavos
1303 1356 1345 1395 in
1366 1354 1535 1396 subfidiis
1558 1353 1711 1396 locatos

39 1410 139 1453 haud
152 1412 289 1467 procul
301 1411 349 1453 ad
362 1415 614 1468 Imperatoris
623 1410 837 1466 praesidium
851 1415 989 1466 raptim
1002 1424 1143 1467 cogere
1156 1424 1371 1467 properans
1384 1439 1396 1457 ‚
1427 1414 1515 1453 esim
1533 1414 1711 1453 invenire

37 1472 234 1509 neminem
248 1465 375 1523 posset
388 1498 398 1515 ,
427 1467 603 1524 gradiens
617 1479 725 1507 retro
737 1466 903 1508 discessit
916 1486 924 1507 :
937 1470 1097 1523 parique
1107 1467 1231 1508 modo
1259 1467 1510 1508 Richomeres
1535 1465 1712 1522 periculo

37 1523 163 1565 semet
176 1524 343 1569 exemit,
376 1524 392 1551 s
417 1530 455 1566 δε
471 1526 707 1566 Saturninus.
735 1522 1005 1578 Sequebantur
1028 1527 1156 1577 itaque
1175 1523 1307 1564 furore
1329 1537 1376 1563 ex
1398 1524 1520 1564 oculis
1553 1523 1710 1562 lucente

38 1580 192 1621 Barbari
205 1580 358 1621 nostros
374 1613 384 1630 ‚
398 1585 478 1633 jam
491 1581 691 1634 linquente
702 1592 884 1619 venarum
896 1579 1026 1620 calore
1044 1590 1250 1635 torpentes
1263 1598 1271 1619 :
1284 1593 1449 1633 quorum
1471 1580 1586 1634 aliqui
1614 1592 1709 1633 per-

36 1633 248 1676 cufforibus
258 1636 448 1677 cadebant
461 1639 636 1680 incertis,
660 1635 837 1675 nonnulli
849 1635 1085 1690 ponderibus
1095 1636 1410 1691 solisurgentium
1424 1635 1576 1680 obruti,
1608 1635 1710 1675 instu-

37 1704 114 1745 que
129 1691 281 1733 suorum
293 1692 408 1748 aliqui
419 1692 598 1733 trucidati
611 1709 619 1731 ε
631 1704 702 1731 nec
715 1694 817 1731 enim
831 1691 929 1747 saepe
940 1692 1196 1734 renitentibus
1208 1691 1416 1732 cedebatur
1431 1721 1444 1740 ,
1470 1702 1480 1720 t
1502 1704 1566 1733 aut
1578 1703 1711 1747 parce-

78 1810 94 1835 9
114 1799 162 1836 Ms.
171 1800 320 1827 Matfiarios
880 1803 988 1837 quirum
999 1802 1012 1829 a
1031 1803 1145 1830 Valente
1161 1801 1246 1829 fastus
1260 1804 1355 1831 fuerat.
1379 1802 1563 1832 Consulatum
1588 1804 1705 1840 denique

282 1844 849 1860 Ἥ
883 1838 960 1873 geffit
971 1839 1024 1867 una
1035 1849 1096 1867 cum
1105 1839 1268 1867 Merobaude
1277 1844 1376 1868 iterum
1392 1841 1515 1868 Consule
1531 1851 1602 1868 anno
1621 1844 1703 1869 Dom.

39 1878 225 1914 ammirei-metu
230 1872 333 1911 sparfim
338 1881 383 1909 per
390 1873 468 1901 devia
477 1880 616 1910 cogerentur
628 1895 634 1905 ,
647 1874 769 1910 fimdi'tm
791 1875 852 1911 ιιι-[ιε
889 1878 945 1908 383.
964 1878 1038 1904 Vixit
1048 1885 1136 1904 autem
1145 1877 1268 1912 usquead
1277 1887 1400 1914 tempora
1418 1877 1521 1905 Arcadii
1532 1879 1646 1913 Augusti
1662 1889 1669 1903 :
1687 1877 1702 1905 ‘a

35 1907 130 1945 gladm
139 1909 316 1945 insequentium
323 1911 444 1947 contisque
448 1914 582 1946 perierunt.
602 1911 684 1938 Vales.
885 1921 941 1948 quo
952 1914 1103 1942 necessitate
1113 1922 1268 1949 temporum
1276 1915 1417 1951 compulso
1427 1915 1533 1943 deditus
1551 1915 1587 1942 est
1606 1916 1703 1943 Ga'i‘nae

77 1954 95 1981 q
116 1945 160 1972 Ad
167 1946 269 1983 humum
278 1947 515 1985 corporibusstram.
526 1950 539 1985 ]
565 1949 594 1975 In
612 1950 698 1984 Regio
711 1949 803 1976 codice
819 1949 855 1976 le-
886 1948 938 1977 una
949 1960 1010 1978 cum
1020 1951 1165 1978 Aureliano
1175 1952 1311 1982 Consule,
1329 1962 1401 1979 anno
1411 1954 1492 1980 Dom.
1501 1961 1562 1984 400.
1571 1960 1602 1979 ut
1612 1960 1703 1979 narrat

39 1985 128 2018 gitur,
146 1982 235 2010 dhumo
243 1985 448 2020 corportisstratis.
468 1986 526 2019 [In
537 1985 615 2012 Colb.
627 1986 737 2013 athumo
752 1987 853 2022 corporis
887 1986 1013 2015 Zofimus
1022 1998 1048 2015 in
1058 1989 1100 2015 lib.
1109 1997 1133 2015 V.
1154 1989 1261 2016 Suntad
1269 1989 1392 2016 eumdem
1401 1992 1577 2016 Saturninum
1595 1988 1703 2024 Episto-

35 2020 152 2063 stratirsl
175 2021 202 2047 N
211 2029 240 2047 ec
253 2020 362 2050 dubito,
381 2023 447 2057 quin
467 2022 635 2050 Marcellinus
652 2022 780 2058 scriptum
795 2023 856 2049 reli-
881 2024 912 2051 1ae
924 2025 1026 2052 Libanii
1036 2034 1092 2059 753.
1105 2027 1131 2053 &
1143 2033 1200 2058 793.
1213 2025 1302 2054 *Huic
1311 2034 1342 2054 ut
1351 2029 1449 2063 opinor
1459 2028 1607 2053 Saturnino
1619 2025 1702 2052 statua

40 2065 131 2094 querit
167 2067 198 2084 ac
208 2057 281 2085 humo
288 2058 523 2094 corporibusstratis.
541 2059 623 2087 Idem.
883 2063 977 2089 Rornae
988 2062 1071 2098 pofita
1078 2061 1115 2088 est
1124 2071 1186 2089 cum
1195 2062 1240 2089 hac
1249 2063 1441 2098 Inscriptione,
1451 2072 1511 2099 quae
1522 2063 1621 2098 legitur
1629 2061 1700 2098 apud

77 2105 91 2121 r
111 2093 454 2133 Oppofitiincumbentibm]
479 2097 510 2123 ln
528 2098 614 2131 Regio
630 2096 735 2127 codice,
757 2096 773 2112 ³¹⁶
796 2097 853 2123 To·
883 2099 1277 2135 jaesi'rmundumurmvio.
1294 2109 1490 2127 vnnncnmo.
1509 2107 1703 2128 saruunmo.

41 2131 92 2158 los.
111 2131 128 2147 *³
152 2132 202 2166 s&
220 2132 364 2169 colhem]
384 2134 410 2161 ὃς
426 2135 454 2160 in
471 2133 598 2161 Editione
617 2133 731 2169 August.
746 2133 854 2171 oppositis
886 2144 914 2163 v.
932 2144 980 2162 cr„
999 2145 1045 2163 Er.
1065 2144 1219 2163 mnusrni
1231 2157 1237 2167 ,
1255 2139 1306 2164 &c.
1328 2136 1404 2163 Idem.

43 2168 174 2204 scriptum
182 2168 302 2197 habetur.
321 2170 391 2197 Idem
820 2194 823 2196 .
924 2180 935 2199 t
957 2173 1135 2208 Amparcebat
1143 2172 1288 2200 cedentibm
1295 2175 1457 2210 quisquam]
1472 2175 1554 2209 Magis
1563 2173 1646 2210 placet
1655 2182 1703 2201 co-

79 2206 96 2231 s
110 2203 143 2231 Et
164 2208 344 2238 Saturnium]
364 2208 527 2235 Saturninus
542 2208 642 2235 Comes
659 2214 825 2234 memoratur
839 2208 853 2234 a
885 2211 946 2237 dicis
956 2211 1032 2245 Regii
1055 2209 1288 2247 [&Colbei·tini]
1307 2210 1436 2238 scribtura
1448 2232 1454 2237 .
1473 2218 1518 2238 aut
1527 2210 1647 2246 parcebat
1664 2220 1703 2236 ce-

39 2241 177 2270 D.ssas111'0
186 2244 212 2268 in
224 2243 272 2278 Ep.
291 2252 344 2275 3¹5-
361 2245 391 2271 ἃᾶ
411 2245 567 2272 Abramium
583 2245 746 2282 Episcopum
764 2245 856 2272 Barna*
884 2246 997 2274 dentibus
1005 2247 1152 2284 quisquam:
1164 2256 1224 2273 nam
1233 2239 1545 2275 cedenres⁵renitentibus
1562 2248 1605 2275 hic
1614 2256 1700 2284 oppo-

39 2289 103 2308 rum
114 2289 120 2306 τ
131 2281 440 2318 ναῦόμαθώνέυᾼντιοχείςι
448 2284 669 2318 δίαίᾳεηένφῇοιίιίᾳ.
685 2286 715 2309 w}
731 2284 855 2316 cu'aeeemoe-
884 2292 990 2312 nuntur
1002 2294 1008 2311 z
1019 2286 1046 2312 &
1059 2283 1228 2311 Marcellinus
1246 2284 1339 2311 noster
1357 2283 1391 2312 fic
1408 2285 1484 2320 loqui
1501 2286 1586 2317 solet,
1608 2293 1638 2312 ut
1655 2290 1701 2309 ex-

39 2319 112 2353 fnloew
119 2321 242 2356 Σ-,ιτορνίνου
249 2320 279 2346 τε
287 2321 407 2353 Kaunoi-Q..
429 2320 503 2348 Idem
521 2319 610 2357 paullo
619 2317 681 2348 ante
699 2318 822 2356 Magister
830 2330 856 2348 e-
882 2322 958 2359 empli
982 2320 1068 2358 gratia
1089 2323 1116 2348 i'n
1134 2321 1174 2348 lib.
1202 2331 1265 2349 xrv.
1289 2330 1344 2358 cap.
1367 2330 1390 2348 2.
1415 2322 1498 2350 Idem,
1536 2321 1597 2350 1³0st
1620 2318 1700 2355 P³U¹0

1005 2357 1135 2400 Tttt
1166 2375 1187 2402 2
