2007 2658
295 127 392 169 712
723 109 1570 161 EXCERPTA

299 200 349 227 co
363 186 554 226 Licinium
569 184 761 226 Caesarem
775 184 879 226 fecit.
912 184 1064 227 Deinde
1076 184 1143 225 illo
1158 185 1194 224 in
1209 184 1406 224 Pannonia
1422 184 1556 226 relffio
1570 213 1582 233 ,
1594 183 1675 240 ipse
1687 185 1738 226 ad
1750 185 1947 229 Serdicam

302 242 483 297 regressus
497 270 508 289 ‚
540 242 678 282 morbo
691 243 838 296 ingenti
849 252 1063 295 occupatus
1078 241 1126 280 sic
1139 240 1321 281 distabuit
1337 268 1349 288 ,
1361 253 1405 281 ut
1417 253 1553 296 aperto
1566 246 1604 283 δε
1619 242 1862 296 putrescente
1885 238 1949 284 vi-

302 299 403 339 scere
416 310 629 338 moreretur
641 326 652 345 ,
667 299 703 338 in
716 298 945 353 supplicium
959 297 1230 351 persecutionis
1245 297 1488 351 iniquissimae
1500 299 1549 339 ad
1564 299 1762 339 merorem
1775 298 1946 342 scelerati
1989 303 1997 315 ‘¹

302 354 701 410 praeceptijustiffima
715 368 832 409 poena
843 355 1036 394 redeunte.
1068 354 1076 378 ¹⁴
1105 353 1317 406 Imperavit
1329 367 1415 394 ann.
1439 367 1513 395 xvi
1529 368 1543 395 1
1557 369 1572 395 1
1586 369 1618 396 1.
1641 355 1804 396 Severus
1818 353 1949 396 Caesar

304 412 484 466 ignobilis
498 416 535 451 ὃς
551 412 722 451 moribus
735 415 775 452 &
788 412 974 450 natalibus
986 437 997 456 ‚
1032 408 1200 449 ebriosus
1212 437 1223 456 ,
1254 413 1293 450 &
1305 409 1382 449 hoc
1395 408 1553 451 Galerio
1565 412 1723 452 amicus.
1760 412 1881 453 Hunc
1890 425 1967 452 era

303 482 356 522 go
383 472 421 508 &c
447 468 709 514 Maximinum
730 466 906 506 Galerius
931 464 1099 506 Caesares
1121 464 1214 506 fecit
1240 494 1253 513 ,
1284 465 1546 507 Constantino
1568 467 1661 508 nihil
1695 468 1771 508 tale
1791 467 1950 509 noscen-
1976 478 1987 503 4

303 537 357 563 te.
390 524 500 565 Huic
525 524 667 564 Severo
688 523 895 563 Pannoniae
916 526 953 562 &
971 521 1092 561 Italiae
1109 522 1220 562 urbes
1242 526 1281 563 ὃ(
1299 521 1440 562 Africae
1464 524 1725 578 contigerunt?
1751 525 1846 578 Qio
1859 525 1950 566 Cae-
1982 528 1995 571 J

304 581 361 620 sai·
391 580 617 621 Maxentius
645 578 767 619 fanus
792 577 844 617 est
870 579 1102 632 Imperator.
1147 578 1257 618 Nam
1289 578 1458 619 desertus
1483 579 1646 620 Severus
1665 581 1686 620 a
1708 579 1780 620 suis
1801 607 1814 627 ,
1846 579 1951 635 fugit
1976 576 1994 618 Its

305 636 549 677 Ravennam.
603 635 679 674 Pro
707 634 913 673 Maxentio
940 634 1023 674 filio
1044 645 1230 675 evocatus
1261 635 1353 675 illuc
1376 637 1481 676 venit
1504 636 1715 676 Herculius
1736 664 1749 683 ,
1778 637 1850 690 qui
1882 649 1952 690 per
1980 663 1988 674 .

305 693 517 747 perjurium
540 693 721 729 Severum
744 690 953 744 deceptum
968 718 979 737 ,
1009 690 1192 731 custodite
1214 691 1398 736 tradidit,
1429 696 1469 732 &
1491 693 1640 746 captivi
1661 692 1794 733 habitu
1818 693 1856 733 in
1870 692 1953 732 Ui·-
1975 712 1990 739 4

303 750 391 789 bem
414 747 597 803 perduxit
612 773 624 792 ‚
654 749 693 786 Sc
718 745 736 771 k
758 748 794 786 in
818 747 909 787 villa
932 747 1088 801 publica
1120 748 1262 802 Appiae
1282 749 1354 800 viae
1377 747 1570 788 tricesimo
1583 749 1747 789 miliario
1766 747 1955 789 custodiri

307 803 412 845 fecit.
471 801 606 842 Postea
626 803 715 841 cum
735 803 912 842 Galerius
939 804 1088 843 ltaliam
1111 815 1259 858 peteret
1282 832 1295 852 ‚
1324 804 1388 844 ille
1412 805 1607 859 jugulatus
1629 804 1684 845 est
1704 833 1717 853 ‚
1748 809 1788 846 δε
1810 804 1964 848 deinde.
1980 805 2003 860 ’ᾗ

306 861 445 902 relatus
470 859 520 898 ad
556 859 737 899 oe’tavum
770 860 977 899 miliarium
997 860 1256 914 conditusque
1282 874 1322 900 m
1344 860 1511 901 Gallieni
1531 872 1799 902 monumento.
1833 862 1962 916 Igitur·
1984 890 1991 899 .

301 916 310 942 ¹
349 915 526 955 Galerius
550 914 598 954 sic
620 914 788 955 ebriosus
812 914 887 955 fuit
900 943 913 962 ,
943 927 987 955 ut
1003 916 1155 969 juberet
1176 916 1408 956 temulentus
1430 930 1473 956 ea
1497 932 1593 971 quae.
1606 917 1783 959 facienda
1804 931 1883 958 non
1900 917 1956 958 es·
1987 944 1998 954 υ

305 970 385 1011 sent
403 998 416 1018 ,
448 974 470 1011 ἐι
497 970 686 1012 Praefe&o
713 971 935 1012 admonitus
964 971 1204 1012 constituerit
1223 999 1236 1019 ,
1269 986 1316 1013 ne
1334 972 1432 1026 jussa
1451 974 1531 1026 ejus
1553 973 1693 1027 aliquis
1727 973 1816 1028 post
1845 987 1961 1028 pran-
1990 1003 1995 1009 .

306 1028 415 1068 dium
437 1026 592 1069 faceret.
623 1028 773 1070 Interea
805 1037 832 1056 ¹¹²
849 1027 1125 1070 Constantinus
1148 1028 1254 1082 apud
1265 1029 1465 1070 Veronam
1493 1029 1604 1069 vietis·
1617 1030 1794 1070 Ducibus
1803 1029 1960 1085 Tyran-

305 1085 370 1135 ni,
395 1084 566 1125 Romam
594 1086 717 1139 petiit.
751 1085 858 1125 Cum
880 1096 1010 1125 autem
1030 1085 1081 1125 ad
1108 1085 1261 1125 Urbem
1285 1083 1566 1125 Constantinus
1587 1085 1768 1132 venisset,
1790 1085 1956 1139 egressus
1989 1087 1993 1095 '

305 1155 355 1182 ex
370 1141 482 1181 Urbe
507 1142 733 1182 Maxentius
754 1155 938 1197 campum
960 1142 1074 1196 supra
1086 1141 1265 1182 Tiberim
1283 1141 1343 1188 ,in
1366 1154 1450 1195 quo
1472 1140 1840 1196 dimicaret,elegit.
1870 1141 1959 1188 Ubi,
1991 1172 1998 1175 -

306 1197 432 1238 vffitus
450 1196 595 1252 fugatis
615 1197 795 1238 omnibus
808 1198 881 1238 suis
893 1225 905 1245 ,
918 1199 1017 1238 inter
1028 1196 1220 1253 angustias
1233 1197 1395 1237 arcentis
1410 1197 1551 1252 populi
1560 1197 1695 1251 periit,
1719 1210 1831 1252 equo
1857 1193 1953 1250 praess-

305 1254 492 1308 cipitatus
515 1255 552 1294 in
573 1252 749 1294 fluvium.
782 1253 937 1295 Postera
956 1254 1020 1295 die
1041 1267 1185 1309 corpus
1217 1253 1333 1308 ipsius
1360 1253 1529 1294 levatum
1553 1252 1711 1294 flumine
1731 1282 1742 1299 ‚
1773 1257 1813 1295 &
1835 1263 1957 1307 caput
1979 1279 1995 1301 ‚-

307 1311 388 1363 ejus
409 1309 568 1350 incisum
591 1337 603 1356 ‚
634 1311 673 1350 in
703 1310 853 1351 Urbem
883 1312 1073 1366 perlatum
1096 1310 1161 1351 est.
1215 1311 1278 1351 De
1311 1311 1418 1364 cujus
1440 1311 1590 1365 origine
1617 1321 1740 1351 mater
1760 1311 1841 1360 ejus
1863 1310 1955 1351 cum

306 1365 513 1422 quaefitum
536 1366 627 1408 ess'et
639 1394 652 1414 ,
681 1376 698 1394 ¹¹
718 1367 817 1425 Syro
839 1368 1012 1425 quodam
1025 1368 1200 1428 genitum
1221 1366 1294 1408 esse
1322 1366 1490 1407 confessa
1507 1367 1714 1422 respondit.
1745 1374 1763 1393 0
1783 1367 1956 1421 Impera·

307 1477 428 1514 suspicor
440 1488 449 1512 3
459 1488 467 1506 t
476 1489 496 1508 t.
505 1481 594 1516 paullo
603 1490 664 1510 anre
673 1489 791 1510 mortem
800 1484 898 1512 Galerii
909 1495 916 1510 :
932 1482 1007 1520 quod
1021 1482 1118 1511 indicat
1145 1489 1184 1510 tet
1191 1482 1244 1510 falli
1254 1482 1419 1518 Eutropium
1429 1482 1456 1509 ὃ(
1467 1481 1609 1510 Aurelium
1617 1481 1765 1510 Viflorem.
1773 1481 1819 1517 qui
1826 1480 1957 1508 Severum

309 1516 416 1543 Auelor
426 1518 737 1547 AlexandriniChronici
746 1520 785 1547 his
795 1522 882 1549 verbis
897 1533 903 1547 .·
918 1525 1035 1554 rania&
1048 1523 1119 1552 βασι-
1146 1520 1280 1548 Ravennae
1292 1519 1406 1547 occisum
1416 1519 1468 1546 esse
1475 1518 1603 1546 stribunt.
1624 1518 1700 1546 Idem.

308 1554 389 1581 viv-'oue
411 1556 449 1581 ivn
465 1557 627 1584 ις’-τελευτῶν
642 1559 723 1584 imino—1
737 1560 837 1589 emenia
845 1563 951 1587 Λικίννιον.
973 1562 1067 1587 Movet
1076 1566 1118 1584 me
1182 1557 1190 1583 l
1211 1556 1328 1583 Galerius
1329 1554 1565 1593 ficebriosusfict't]
1589 1553 1660 1582 Atid
1669 1554 1702 1582 de
1712 1555 1859 1582 Maximino
1874 1551 1956 1580 tradit

310 1596 451 1626 praeteroeh
467 1591 544 1626 quod
567 1593 688 1620 Galerius
705 1596 882 1623 Mayimianus
904 1598 931 1622 in
954 1594 1042 1622 ediClo
1068 1594 1117 1622 suo
1148 1593 1265 1621 ViEtoris
1277 1595 1412 1629 Epitome.
1432 1591 1508 1619 Idem,
1718 1603 1722 1606 ²
1911 1600 1922 1632 *-

312 1626 388 1661 quod
396 1635 468 1653 anno
480 1628 642 1660 3tt.emisit‚
664 1631 763 1657 nullam
775 1632 839 1668 lmp·
849 1633 939 1659 Licinii
954 1633 1118 1658 mentionem
1183 1639 1210 1656 m
1230 1630 1404 1661 Confi-antinus
1419 1628 1615 1664 aputhronam
1629 1629 1708 1656 victis
1715 1625 1953 1665 ducibuslyrnm]

309 1663 388 1691 facits
405 1663 465 1690 cum
474 1672 560 1691 tamen
570 1665 781 1694 Constantinum
792 1668 855 1703 lmp.
865 1669 1023 1695 nominatim
1035 1667 1118 1703 appel·
1147 1666 1345 1694 Constantinus
1355 1675 1380 1692 v.
1389 1667 1493 1701 Imperii
1503 1665 1541 1692 sui
1550 1674 1689 1700 annocum
1698 1673 1741 1696 4ο.
1751 1663 1955 1691 millibusarma-

310 1699 402 1727 lettut
411 1700 534 1728 credibile
542 1701 573 1728 sit
583 1703 671 1737 paullo
681 1702 740 1739 post
748 1704 800 1731 hoc
817 1704 941 1732 Edieium
958 1705 1088 1731 Licinium
1108 1701 1122 1729 'a
1147 1710 1242 1729 torum
1256 1702 1383 1730 adversus
1402 1703 1570 1729 Maxentium
1587 1702 1742 1738 proseEiuS.
1763 1698 1957 1736 segusiensium

312 1736 421 1764 Galerio
433 1737 584 1773 Augustum
592 1748 709 1766 creatum
717 1740 776 1766 esse.
794 1741 880 1768 Certe
898 1742 1014 1768 Licinius
1030 1743 1055 1767 in
1074 1741 1120 1766 Fa·
1148 1738 1258 1773 opidum
1269 1740 1466 1775 primoimpetu
1476 1738 1667 1774 copiupostin
1684 1737 1873 1765 Taurinatibus
1888 1744 1958 1763 cam-

311 1772 358 1800 stis
366 1773 520 1801 Caffiodori
530 1776 556 1802 &
566 1775 720 1810 Cuspiniani
733 1776 783 1803 hoc
798 1785 869 1803 anno
886 1776 992 1803 Consul
1008 1777 1120 1811 ponitur
1148 1777 1187 1810 pis
1197 1776 1601 1811 occurrentcsMaxentiicopias
1609 1776 1723 1810 atquein
1733 1775 1772 1803 his
1780 1772 1957 1810 cataphnflos
1997 1775 2004 1809 J

311 1820 374 1838 cum
383 1811 492 1838 Galerio
504 1814 662 1839 Maximiano
677 1814 751 1839 Viil.
766 1813 896 1840 Consule.
917 1814 972 1846 Qi
990 1812 1008 1839 si
1022 1813 1073 1846 jam
1089 1812 1120 1838 ab
1147 1813 1252 1847 equites
1283 1811 1445 1847 profligavit.
1466 1813 1538 1838 Hinc
1567 1811 1748 1839 Mediolanum
1777 1809 1933 1846 progressus
1950 1813 1982 1840 ,ι’

311 1857 383 1874 anno
395 1851 453 1880 308.
463 1848 600 1882 Augustus
610 1849 708 1878 fuisset,
729 1850 886 1885 jampridem
896 1849 1076 1877 Consulatum
1089 1847 1120 1875 si-
1149 1848 1240 1884 paullo
1249 1848 1310 1884 post
1320 1851 1454 1875 Veronam
1465 1847 1584 1875 obsidere
1592 1847 1706 1874 instituit
1716 1865 1723 1876 ‚
1735 1849 1762 1875 &
1775 1847 1901 1874 Maxentii
1909 1854 1962 1872 ex·
1998 1878 2003 1884 ι

312 1893 346 1911 ne
363 1885 444 1912 dubio
460 1885 583 1920 gessifl'er.
603 1887 726 1922 Namque
751 1887 932 1921 Imperatores
948 1895 981 1912 eo
999 1894 1122 1921 tempore
1150 1886 1263 1912 ercitum
1279 1887 1326 1922 qui
1339 1885 1371 1912 ad
1387 1884 1542 1912 liberandam
1557 1883 1694 1912 obsidione
1715 1886 1848 1911 Veronam
1866 1881 1966 1910 mimia·

312 1921 634 1958 simulatquelmperiiim
643 1923 861 1960 adeptifuerant,
880 1923 1063 1950 Consulatum
1073 1925 1122 1950 ini·
1150 1922 1252 1952 fuerat.
1271 1922 1340 1950 findit
1356 1931 1384 1949 ac
1397 1921 1500 1957 fugavit
1515 1934 1522 1955 ς
1541 1921 1626 1957 ipsum
1643 1923 1745 1949 Ducem
1769 1921 1835 1948 Pom
1853 1921 1959 1947 eranum

312 1958 385 1987 bant.
405 1957 485 1995 Valefi
507 1985 509 1988 ,
1150 1957 1260 1989 oceidit,
1279 1967 1311 1986 ut
1321 1958 1401 1985 tradit
1411 1959 1517 1987 Αυὲὶοι·
1526 1958 1748 1995 Panegyrieidiffi
1763 1957 1827 1984 Con
1868 1957 1956 1984 utino.

351 1996 359 2022 i
378 1998 678 2034 imperavitannxix]
702 1998 798 2024 Annos
808 1996 914 2033 quidem
924 2005 987 2023 xix.
1001 1997 1122 2030 integros
1152 1995 1321 2023 Cladisillius
1329 1996 1492 2025 Veronensis
1501 1997 1619 2024 meminit
1627 1996 1704 2022 etiam
1719 1993 1846 2022 Aurelius
1854 1993 1960 2023 ViGor.
1980 2011 1982 2015 ψ

315 2041 342 2058 ac
350 2032 445 2067 plenos
453 2035 592 2069 imperavit
602 2034 740 2064 Galerius,
758 2033 800 2061 scd
809 2041 937 2070 praeterea
951 2041 1036 2060 annos
1051 2033 1122 2060 duos
1152 2031 1229 2060 Idem.
1966 2047 1967 2050 =

316 2068 478 2105 semiplenos
489 2071 532 2098 seu
540 2079 629 2097 cavos·
650 2070 724 2098 Idem.
1190 2079 1207 2096 n
1227 2072 1284 2102 Syra
1299 2069 1405 2107 quodam
1418 2071 1533 2105 genitum
1547 2079 1560 2096 e
1577 2070 1622 2105 e.]
1644 2068 1740 2096 viam·
1758 2069 1785 2095 in
1796 2068 1922 2103 Epirome
1935 2065 1966 2093 i*
1982 2059 1993 2100 Ξ

353 2106 371 2132 k
391 2110 423 2134 Et
439 2110 466 2134 in
484 2107 549 2134 viva
559 2106 661 2141 publica
670 2111 757 2144 Appiae
765 2111 824 2136 vie.
834 2109 852 2140 :1
874 2108 914 2134 Ad
938 2107 1008 2134 Tres
1025 2107 1124 2134 Taber-
1152 2107 1212 2134 dem
1221 2106 1300 2133 dicit:
1319 2107 1369 2134 Sed
1375 2109 1534 2134 Maxentium
1550 2116 1567 2133 u
1581 2104 1684 2142 positum
1692 2104 1784 2141 serum
1797 2111 1853 2131 crte
1866 2102 1959 2146 nul-'23
1968 2100 1993 2140 ys

317 2151 378 2172 Μ’,
395 2152 425 2170 ut
436 2143 522 2171 scribit
532 2144 659 2171 Victoria
670 2146 810 2181 Epirome,
831 2147 858 2172 &
869 2144 996 2172 Zosimus
1006 2146 1031 2172 in
1047 2145 1125 2171 libs..
1152 2146 1189 2171 ris
1199 2163 1205 2172 .
1223 2150 1304 2171 tmere
1320 2145 1410 2170 mariti
1427 2152 1542 2169 ammam
1585 2142 1697 2170 borantis
1710 2140 1816 2176 auspicio
1824 2139 1958 2176 graettffima
1972 2148 1974 2153 ’

317 2180 402 2207 Erant
411 2189 499 2207 autem
509 2181 721 2210 Tres-Tabernae
729 2185 755 2210 in
764 2185 803 2210 vit
813 2184 905 2219 Appia,
921 2189 953 2209 nt
962 2190 1033 2217 pater
1047 2190 1079 2208 ex
1092 2183 1126 2208 D.
1151 2179 1256 2217 parnis.
1274 2181 1368 2215 coeptizi
1374 2187 1454 2213 puero.
1473 2181 1527 2208 Cui
1543 2178 1679 2208 subscribit
1691 2177 1796 2205 Auctor
1804 2176 1957 2214 Panegyrid

315 2215 422 2244 Lucain
433 2218 503 2244 Assis
515 2216 724 2252 Apostolorum.
741 2219 986 2246 tricesimoaburbe
995 2218 1125 2250 milliario,
1153 2217 1337 2246 Constantino
1361 2217 1440 2245 diffi:
1459 2216 1501 2244 IHe
1522 2223 1577 2244 erat
1596 2213 1913 2251 Maximianifitpposttns,
1927 2218 1957 2242 η
1991 2242 1994 2247 ,

314 2259 348 2279 ut
358 2251 443 2280 scribit
453 2255 546 2281 audior
559 2255 776 2288 excerptorum:
792 2256 868 2292 quod
882 2255 1027 2284 confirmat
1044 2256 1127 2283 ltine·
1154 2254 1292 2287 Constantii
1301 2254 1424 2288 Piifilius.
1444 2253 1525 2281 Idem.
1946 2261 1950 2264 ·

317 2291 384 2316 raria
392 2292 616 2324 peutingerorum
626 2292 724 2320 Tabula
731 2293 780 2321 sic:
793 2291 834 2320 Ab
843 2291 902 2320 urbe
917 2295 1002 2329 Appia
1014 2295 1063 2320 via
1079 2295 1124 2319 Bo·
1190 2301 1207 2318 o
1228 2294 1369 2328 Imperavit
1375 2300 1427 2318 ann
1434 2311 1502 2319 ........
1529 2287 1810 2318 Scribendumestaerm.
1819 2295 1863 2316 Vt.
1872 2293 1959 2314 exve-

315 2325 394 2355 'W'Vae
404 2336 430 2355 m
439 2336 465 2355 x·
474 2329 565 2355 Aricia
575 2335 607 2353 m·
618 2335 639 2359 3-
650 2330 739 2359 Tribus
746 2328 865 2358 Tabernis
872 2338 905 2357 m.
916 2338 956 2364 ¹7-
977 2331 1018 2358 Ex
1026 2330 1067 2357 his
1082 2338 1124 2367 pa-
1149 2328 1250 2357 teribus
1258 2328 1488 2366 PanegyricisCon
1547 2328 1607 2355 tino
1615 2325 1732 2355 dicits&
1741 2323 1960 2354 exAqureAle·

1896 2360 1955 2403 vit
