2007 2658
301 158 421 195 Habes.
433 157 542 197 Ιεεᾶοτ,
557 155 686 205 pignora
697 154 866 191 firmissima
883 156 917 191 ὃς
930 156 1124 203 experientiae
1135 154 1339 191 indubitabilis
1350 154 1536 195 fulcra‚unde
1546 154 1584 189 de
1595 154 1748 202 postrema
1759 157 1898 195 editione

249 206 380 244 Parisina
399 206 531 252 judicare
542 218 632 254 queas
645 227 654 244 ,
679 218 717 239 an
730 217 765 239 ea
776 204 810 238 sit
821 227 830 243 ‚
858 217 924 251 quae
937 206 1072 251 priorum
1085 205 1255 240 editionum
1275 204 1357 238 bona
1369 204 1597 252 complectatur
1607 227 1618 244 ,
1646 204 1810 240 earundem
1821 220 1897 244 vero

247 255 329 293 vitiis
339 265 456 298 careat;
482 254 650 303 pariterque
661 252 781 292 causas,
807 252 913 300 quibus
928 265 990 301 ego
1009 253 1045 287 ad
1067 253 1146 288 hanc
1166 253 1335 287 editionem
1353 262 1548 300 comparatus
1558 250 1607 287 fui.
1639 253 1695 288 Sed
1711 255 1896 299 proeterhaec

248 317 343 352 quum
353 304 460 339 scirem
474 304 554 338 hunc
569 302 628 337 esse
639 302 764 351 genium
778 302 941 350 postremae
953 300 1107 341 editionis,
1120 300 1166 336 cui
1176 301 1250 335 nihil
1262 301 1337 336 aliud
1350 311 1510 349 acceptum
1521 299 1620 335 referri
1632 301 1799 349 potest,nifi
1809 304 1900 340 aucta

247 352 477 388 commentaria
489 351 699 388 maximorum
709 350 847 387 virorum
861 373 871 390 ,
902 349 1103 398 Lindebrogii
1115 353 1147 384 &
1162 348 1293 386 Valefii‚
1323 350 1358 385 δε
1381 349 1523 398 quasdam
1534 349 1632 384 bonas
1642 350 1846 387 restitutiones
1857 364 1897 388 ex

246 402 358 436 codice
376 400 585 442 Colbertin03
612 400 648 436 ὃς
669 409 774 434 tamen
797 398 983 434 Ammianus
1001 397 1026 432 is
1045 397 1118 432 esset
1127 425 1136 440 ,
1163 397 1214 446 qui
1232 398 1326 432 etiam
1349 408 1458 445 praeter
1469 397 1609 434 Valefios
1631 397 1725 434 fiserat
1735 400 1898 449 diligenter

247 449 393 486 leRusab
404 448 469 484 aliis
479 445 887 486 eruditiffirnishominibus‚
916 448 965 483 vel
984 446 1148 529 aepualibus
1169 447 1216 482 vel
1237 457 1346 481 eorum
1367 447 1462 482 vitam
1474 459 1653 496 quacunque
1664 457 1748 495 parte
1766 458 1899 499 tangen—

247 498 329 533 tibus
339 521 350 539 ,
393 511 448 533 uos
457 498 489 533 in
499 496 666 545 exemplari
679 509 752 532 meo
763 507 944 532 notaveram
955 511 965 537 ς
978 495 1009 542 ip
1025 509 1040 530 a
1050 495 1193 536 dulcedo,
1206 506 1297 541 quam
1310 493 1414 529 studiis
1426 496 1501 529 meis
1512 496 1609 530 attulit
1620 497 1805 532 Ammianus
1817 521 1824 536 ,
1834 498 1898 546 ipsa

247 511 438 595 propensio,
462 559 520 594 qua
539 546 746 581 Ammianum
768 548 799 579 &
815 543 908 579 studia
928 543 1117 593 prosequor,
1129 543 1281 591 compulit
1293 554 1346 577 me
1357 541 1548 590 prospicere,
1571 554 1602 578 ut
1618 546 1666 579 vel
1682 545 1780 594 aliqua
1792 544 1899 582 saltem

247 605 334 643 parte
356 595 530 644 prodessem
550 593 724 629 Ammiano
734 617 744 633 ,
756 594 804 629 vel
817 593 852 628 ad
863 594 928 638 ejus
939 593 1074 642 cogitata
1087 601 1136 626 aut
1146 590 1255 638 scripta
1266 591 1418 626 le&0rem
1429 591 1506 626 locis
1516 592 1691 641 quibusdam
1702 606 1896 632 revocarem.

246 644 353 681 Etiam
366 642 429 691 ipse
439 642 553 679 fueram
565 643 695 692 diligens
706 645 739 677 &
751 651 882 677 attentus
891 641 922 675 in
933 640 1175 676 consideratione
1183 639 1356 674 lectionum
1368 660 1378 677 ,
1404 651 1471 688 quae
1482 651 1519 674 ex
1532 642 1651 676 MSStis
1661 652 1747 677 erant
1759 644 1899 690 prolatae.

247 694 299 730 Ex
309 693 356 728 bis
365 692 486 728 sustinui
499 693 647 727 nonnulla
661 690 716 725 suis
729 691 805 726 locis
817 689 993 739 adspergere
1012 689 1144 728 lectori,
1165 698 1198 723 ut
1217 687 1306 736 spero
1318 711 1329 728 ‚
1348 686 1444 723 futura
1455 691 1486 722 &
1499 689 1666 736 probabilia
1679 694 1711 725 δέ
1722 703 1901 739 opportuna

249 745 282 778 &
293 741 437 787 jucunda.
451 741 607 790 Equidem
621 751 812 788 magnopere
821 739 971 788 optassem
986 761 996 778 ‚
1008 749 1041 774 ut
1052 738 1088 773 ad
1100 737 1303 786 Lindebrogii
1315 737 1496 785 exemplum
1510 737 1674 784 potuissent
1683 739 1721 774 ab
1729 739 1789 775 sese
1799 741 1900 788 impe.

247 800 327 826 trare
339 790 452 827 Valefii
462 818 472 832 ‚
495 799 528 825 ut
544 789 675 825 similem
688 788 851 824 Variarum
863 788 1034 823 lefflonum
1047 814 1055 827 ,
1082 799 1157 834 quas
1177 798 1214 821 ex
1236 796 1285 820 tot
1297 785 1514 820 collationibus
1525 796 1662 822 veterum
1675 789 1901 835 exemplarium

249 840 447 875 ‘contulerant
458 867 467 880 ,
491 837 628 888 syllogen
650 839 685 874 &
708 837 843 873 indicem
865 848 986 872 exarare
1006 834 1168 872 voluissent
1179 858 1188 874 ,
1211 844 1243 868 ut
1255 833 1343 869 facile
1351 832 1431 869 factu
1443 835 1502 869 illis
1512 834 1579 871 fuit.
1604 834 1659 870 Est
1671 836 1754 871 enim
1768 837 1802 871 in
1812 836 1902 883 hujus

247 887 382 923 austoris
404 887 536 935 antiquis
554 886 712 922 codicibus
730 886 838 921 eadem
854 886 952 927 ratio,
975 897 1065 933 quam
1086 883 1245 919 observavi
1263 883 1294 916 in
1314 881 1511 930 epistolarum
1525 882 1690 918 ciceronis
1709 884 1749 919 ad
1759 885 1903 921 Atticum

248 935 459 973 vetustiffimis
469 939 504 971 δε
514 934 697 970 fidelissimis
707 934 932 982 exemplaribus
943 956 952 973 ‚
974 944 1007 968 ut
1017 946 1081 968 non
1095 931 1212 967 turbide
1224 943 1276 980 per
1287 932 1440 967 variorum
1461 930 1626 967 hominurn
1639 931 1856 968 hariolationes
1869 934 1902 968 in

247 985 365 1021 diversa
377 985 462 1022 velut
473 983 652 1032 portentosa
666 984 779 1019 ludicra
791 982 945 1018 discedant
957 1005 966 1021 ‚
991 981 1040 1016 sed
1052 980 1114 1017 fere
1125 980 1337 1019 consentiant,
1361 982 1393 1014 δι
1407 978 1501 1028 presse
1509 980 1662 1015 retineant
1672 980 1902 1018 similitudinem

246 1033 528 1085 ptiscoelefflonis,
548 1033 685 1068 simulata
697 1045 752 1079 per
765 1030 917 1067 summam
939 1030 1034 1066 fidem
1054 1029 1227 1066 imitatione
1245 1029 1355 1066 veteris
1375 1027 1549 1077 scripturae,
1574 1028 1647 1064 licet
1669 1031 1732 1076 ejus
1755 1030 1902 1066 sententia

247 1083 400 1133 periisset;
413 1082 497 1118 unde
507 1094 665 1131 nunquam
678 1081 812 1117 dubitavi
827 1104 836 1120 ,
850 1081 922 1129 quin
936 1080 1020 1129 quod
1032 1091 1140 1115 veram
1152 1090 1261 1113 eorum
1274 1077 1323 1126 qui
1336 1076 1512 1124 scripserunt
1525 1089 1651 1113 manum
1662 1091 1726 1114 non
1738 1078 1904 1114 habeamus

246 1131 533 1180 necass'equamur.,
554 1143 620 1167 non
629 1130 713 1166 alteri
725 1129 818 1167 causae
829 1129 858 1165 id
870 1128 1128 1168 attribuidebear‚
1147 1139 1240 1175 quam
1262 1126 1466 1161 imbecillitati
1488 1126 1618 1166 nossrae,
1638 1139 1708 1174 quae
1722 1137 1771 1162 aut
1792 1127 1903 1172 justam

248 1180 354 1216 ansam
372 1179 581 1229 recorrigendi
605 1179 736 1226 arripere
756 1178 880 1226 nequit,
902 1188 951 1214 aut
972 1190 1037 1213 non
1049 1177 1170 1225 semper
1181 1188 1238 1210 nos
1248 1175 1284 1210 ad
1296 1174 1519 1210 restitutionem
1531 1173 1599 1209 satis
1610 1175 1742 1213 instruit.
1770 1175 1868 1224 Qod
1882 1175 1904 1211 fi

246 1229 474 1277 exemplarium
485 1227 835 1275 Valefiisinspe&orum
846 1250 857 1267 ,
877 1230 908 1262 &
921 1236 954 1261 ut
963 1238 1032 1261 reor
1042 1254 1052 1268 ‚
1077 1234 1296 1261 annotatorum
1307 1223 1430 1273 singulae
1443 1224 1558 1258 notulae
1570 1223 1794 1271 publicarentur
1804 1247 1814 1266 ,
1827 1237 1906 1272 prae-

247 1276 327 1313 stare
346 1276 439 1313 ausim
451 1277 548 1313 futura
562 1278 656 1325 longe
666 1278 750 1323 plura
761 1298 772 1315 ,
783 1288 851 1324 quae
865 1275 901 1310 ad
912 1274 1140 1310 instaurandum
1153 1273 1380 1308 Ammianuma
1393 1272 1484 1308 nobis
1496 1272 1615 1319 possent
1629 1273 1793 1320 proficisci.
1813 1275 1904 1310 Nam

246 1330 317 1364 non
326 1326 452 1376 negabo
463 1325 631 1375 specimen.
645 1325 694 1359 Sic
704 1324 784 1359 libro
796 1338 814 1358 x
822 1336 831 1357 ι
840 1337 858 1357 ν
870 1336 940 1371 cap.
953 1327 975 1358 6
987 1324 1128 1358 dicuntur
1137 1321 1260 1357 feminae
1268 1322 1375 1368 jactari
1387 1322 1617 1367 volubilibus‚aut
1628 1331 1661 1356 ut
1672 1321 1811 1358 Valesius
1822 1324 1906 1359 volu-⁴

245 1377 536 1425 cribtu‚gyria,quum
545 1373 578 1408 in
586 1372 698 1408 vcodice
708 1373 860 1422 Regi0,ut
872 1375 904 1407 δι
915 1373 1062 1408 Romana
1074 1371 1210 1406 editione
1221 1369 1356 1405 advertat
1367 1382 1423 1418 pro
1434 1370 1535 1405 media
1544 1381 1625 1404 voce
1633 1369 1750 1405 exstare
1759 1373 1904 1408 volvetur.

248 1422 371 1470 Qaeso
384 1434 454 1470 quae
466 1421 666 1470 probabilitas
676 1420 763 1465 hujus
774 1421 816 1455 rei
829 1431 880 1455 aut
888 1433 956 1466 quae
966 1419 1186 1468 convenientia
1194 1419 1275 1454 inter
1285 1429 1335 1453 eas
1347 1429 1442 1453 voces
1460 1420 1474 1451 ?
1500 1419 1596 1452 Certe
1607 1419 1703 1468 longe
1715 1419 1907 1456 verisimilius

247 1470 368 1517 accidet
377 1469 455 1506 hinc
467 1469 643 1518 unicuique,
654 1468 814 1504 :mestrem
824 1465 966 1516 scripsisse
981 1468 1093 1514 jaccam·
1102 1469 1259 1502 volucriter
1272 1471 1364 1515 gyrio.
1384 1467 1439 1501 Illa
1448 1466 1533 1511 enim
1543 1479 1607 1501 vox
1617 1465 1662 1501 est
1676 1468 1859 1508 Ammiani,
1872 1476 1906 1504 ut

274 1528 335 1556 atet
352 1531 389 1554 ex
402 1517 660 1567 Lindebrogianis
684 1517 718 1553 ad
741 1518 853 1553 librum
868 1528 947 1552 xxvi
959 1527 974 1550 1
984 1527 995 1549 1
1020 1527 1090 1564 cap.
1101 1518 1136 1551 6.'
1156 1517 1189 1549 &
1201 1512 1328 1548 infinitis
1339 1514 1426 1549 locis.
1456 1514 1505 1548 Sic
1515 1514 1587 1550 eod.
1597 1515 1651 1550 lib.
1664 1527 1733 1563 cap.
1746 1527 1760 1550 1
1772 1527 1784 1549 1
1797 1516 1907 1553 dicitur

247 1532 367 1607 gallus
378 1566 483 1602 Caesar
501 1577 615 1603 terrore
629 1568 846 1623 propinquantia
865 1567 958 1601 exitus
974 1564 1041 1612 jam
1059 1564 1249 1612 praesepulm.
1277 1560 1483 1603 observabis,
1509 1562 1553 1597 mi
1574 1562 1693 1604 lector,
1714 1564 1832 1599 exitum
1847 1577 1908 1613 pro

247 1617 385 1667 pernicie
395 1629 553 1665 nunquam
565 1628 640 1663 poni
653 1614 690 1650 ab
701 1615 891 1655 Ammiano,
909 1611 1030 1661 prorsus
1039 1612 1111 1648 dico
1122 1624 1290 1662 nunquam.
1318 1613 1406 1646 Nam
1421 1611 1477 1646 alia
1487 1611 1605 1647 locutio
1614 1611 1671 1652 est,
1683 1624 1778 1660 quum
1789 1612 1830 1648 ait
1842 1615 1908 1661 glo·

246 1666 337 1713 *riofhs
357 1668 422 1702 vita
444 1667 548 1701 exitus.
568 1664 695 1700 Ethinc
705 1664 856 1713 contigit,
881 1673 915 1698 ut
925 1674 1019 1711 quum
1029 1661 1109 1697 libro
1119 1673 1183 1696 xxv
1205 1673 1273 1708 cap.
1287 1671 1303 1706 3
1323 1660 1400 1695 olim
1411 1661 1560 1709 legeretur
1569 1672 1671 1706 magno
1687 1660 1790 1708 spiritu
1806 1672 1908 1697 contra

249 1716 363 1750 exitum
379 1723 492 1749 certans
514 1725 597 1749 arma
615 1713 746 1761 poscebat
764 1720 801 1750 (5¹
820 1724 942 1758 equum,
972 1710 1124 1747 Gruterus
1135 1721 1173 1744 ex
1185 1709 1394 1744 Fauchetianis
1405 1708 1592 1744 membranis
1600 1707 1762 1747 restituerit
1771 1711 1906 1746 exitium

249 1762 359 1811 Qod
372 1764 436 1808 jam
462 1760 532 1797 satis
551 1759 723 1810 susptham
743 1759 816 1796 facit
841 1761 921 1796 hanc
941 1758 1066 1796 vocem.
1095 1757 1332 1803 Qin&editio
1352 1758 1501 1794 Romana
1539 1756 1632 1793 habet
1651 1758 1800 1793 eximiam.
1832 1759 1908 1804 Nec

250 1810 356 1860 potest
363 1809 424 1846 esse
432 1810 557 1848 dubium
568 1833 579 1851 ,
600 1811 672 1858 quin
682 1810 799 1845 dederit
807 1809 1135 1855 auc‘torpropinquantis
1146 1809 1231 1844 exitii
1244 1806 1320 1852 iam.
1353 1806 1402 1841 Sic
1422 1806 1533 1841 millies
1551 1806 1630 1841 hanc
1642 1817 1754 1841 vocem
1768 1805 1905 1846 adhibet.

251 1859 353 1896 Libro
364 1873 418 1900 xv,
430 1872 501 1908 cap.
518 1869 534 1894 1
565 1857 695 1908 peffime
707 1858 880 1894 Hadrianus
892 1857 987 1893 edidit
996 1855 1142 1903 confestim
1153 1868 1172 1890 a
1185 1854 1299 1903 justitia
1310 1856 1467 1891 declinavit
1475 1856 1517 1890 ita
1527 1856 1755 1901 intemperanter
1764 1876 1774 1893 ‚
1786 1863 1818 1889 ut
1828 1865 1909 1891 atet-

249 1911 378 1945 mitatem
400 1920 464 1944 eam
484 1909 635 1954 aliquoties
653 1909 782 1955 afferent
799 1908 856 1952 ipse
879 1907 1012 1942 dic'lando
1029 1927 1040 1944 ,
1065 1904 1190 1939 imitans
1213 1902 1458 1952 Lindebrogium
1468 1925 1479 1942 ‚
1501 1915 1594 1950 quum
1616 1903 1713 1938 editio
1736 1904 1907 1944 Romana,

252 1960 306 1994 „Au
322 1957 453 1996 *ustanas
480 1956 610 1992 Henrici
629 1956 712 2005 legat
731 1954 883 1992 verissime
897 1955 1103 1991 AEterm'tatem
1122 1963 1230 1989 meam.
1253 1952 1304 1987 Sic
1323 1952 1409 1987 enim
1429 1952 1530 1987 innuit
1549 1951 1649 2000 ipsum
1669 1949 1795 1987 dietari&
1812 1952 1908 1988 autin

248 1971 392 2053 cpiliolis
408 2004 516 2051 juffiffe
525 2004 612 2041 scribi
624 2006 786 2042 AEternitas
800 2011 882 2040 Mea.
905 2001 1003 2038 Libro
1016 2015 1057 2039 xv
1069 2012 1171 2050 Cap-15
1205 2005 1359 2036 vtnomae
1371 2003 1402 2035 in
1412 2003 1486 2035 'circo
1504 2002 1635 2044 maximo
1649 2001 1788 2047 populus,
1812 2002 1909 2045 incer·

250 2057 318 2091 'eum
335 2056 449 2090 ratione
466 2055 594 2100 quadam
611 2055 731 2100 percitus
741 2065 780 2088 an
802 2053 937 2101 praesagio
946 2073 956 2089 ‚
986 2056 1185 2087 SILVANVS
1206 2052 1401 2085 DEVICTVS
1422 2055 1497 2084 EST
1508 2077 1517 2090 ,
1546 2047 1659 2095 rii-«gnis
1680 2048 1791 2084 vocum
1808 2050 1910 2086 exclaz

255 2111 361 2139 maret.
389 2101 439 2138 Sic
448 2102 542 2137 edunt
552 2102 650 2138 hodie
659 2102 793 2152 plerique
803 2124 813 2141 ,
833 2113 926 2148 quum
938 2100 968 2135 in
981 2098 1128 2137 Romana
1142 2098 1279 2134 editione
1289 2096 1433 2139 habeatur
1449 2098 1588 2145 praesitgio
1597 2098 1633 2136 ά
1649 2097 1783 2132 silvam
1802 2099 1909 2142 devise

255 2155 367 2198 magnit
385 2173 396 2191 ‚
423 2151 599 2199 Augustana
618 2151 751 2199 presagio
763 2160 795 2186 ut
808 2155 1004 2186 SILVANVS
1028 2154 1171 2184 DFVWS
1190 2158 1238 2182 ma
1259 2150 1312 2182 nis.
1335 2146 1437 2194 priore
1446 2147 1522 2181 loco
1532 2146 1678 2182 voculam
1690 2155 1724 2180 ut
1732 2155 1798 2180 non
1808 2155 1910 2194 agno-

256 2199 373 2237 scente.
399 2200 464 2235 Hic
475 2210 578 2235 tacent
590 2199 702 2236 Valefii
719 2225 729 2240 ‚
755 2211 850 2248 quum
871 2197 977 2246 utique
986 2196 1022 2231 sit
1033 2196 1070 2231 ali
1095 2196 1144 2232 uid
1156 2208 1222 2231 non
1232 2159 1302 2229 {itis
1315 2205 1446 2232 certum.
1474 2193 1570 2236 Quafi
1589 2206 1666 2232 vero
1686 2205 1789 2243 pugna
1798 2192 1829 2228 in
1852 2205 1909 2228 ens

259 2248 478 2300 expeditioque
486 2247 621 2299 suscepta
631 2248 726 2290 effer,
753 2249 837 2296 cujus
846 2209 1217 2302 exclamareturiielicitas.
1241 2244 1332 2295 Unus
1351 2244 1578 2295 Lindebrogi'us
1595 2253 1685 2296 notat
1702 2242 1734 2280 in
1746 2242 1820 2293 Μ8.
1855 2242 1905 2282 102
