2007 2658
110 108 326 136 construimus
344 104 411 128 Aue.
421 97 563 126 Constantio
572 94 703 130 Aug-VL&
712 95 780 119 Con.

107 141 193 167 stanno
204 138 275 165 cauo
288 130 685 164 caefi11.coff.Annoeiu.35³.
917 93 1034 140 LIB.
1055 95 1187 145 XIV.
1217 97 1359 148 CAP.
1374 96 1462 150 Vl.
1627 111 1685 147 21

40 185 262 245 proje&are.
323 181 396 222 Per
415 178 490 218 hoc
512 174 633 216 minui
654 172 823 213 studium
843 170 952 211 suum
965 171 1182 213 existimans
1200 175 1416 223 Paulus‚ut
1434 187 1515 217 erat
1530 178 1568 218 in
1586 192 1694 220 com.

37 241 228 300 plicandis
241 236 402 292 negotiis
414 231 552 273 artifex
572 230 701 277 dirus,
741 228 869 268 3unde
891 228 926 268 ei
939 228 1098 268 Catenae
1123 231 1288 270 inditum
1299 231 1352 271 est
1363 245 1665 286 cognomentum
1678 264 1693 285 ‚

40 298 242 343 Vicarium
260 292 384 348 ipsum
396 302 460 330 eos
483 287 624 343 quibus
637 296 798 340 praeerat
821 283 949 324 adhuc
964 282 1223 325 defensantem
1238 314 1250 333 ‚
1278 288 1327 326 ad
1346 287 1485 328 sortem
1500 292 1696 343 periculo-

40 368 127 397 rum
148 349 409 396 communium
429 346 557 386 traxit.
617 343 669 384 Et
690 340 850 382 instabat
875 352 918 381 ut
939 354 1027 380 eum
1042 355 1204 396 quoque
1218 370 1229 389 ,
1256 356 1346 382 cum
1357 345 1596 387 Tribunis&
1611 349 1694 390 aliis

39 410 210 468 pluribus
230 434 241 452 ,
276 404 353 444 ¹ad
379 402 610 442 comitatum
637 398 888 452 Imperatoris
920 397 1094 438 vinetum
1117 399 1373 451 perduceret:
1407 414 1491 452 quo
1526 404 1695 454 percitus

38 468 124 513 ille,
151 471 175 488 ¹¹¹
191 460 310 503 exitio
332 469 493 514 urgente
511 466 527 486 4
547 457 714 511 abrupto
729 482 741 502 ,
771 453 874 494 ferro
888 454 1071 494 eumdem
1093 455 1269 495 adoritur
1281 455 1458 495 Paulum.
1520 458 1575 497 Et
1603 461 1695 514 quia

37 524 237 576 languente
249 517 408 558 dextera
417 515 578 556 letaliter
590 512 700 553 ferire
716 525 793 551 non
804 511 937 565 potuit
956 539 965 555 ,
989 511 1070 565 jam
1084 511 1298 552 distristtini
1313 525 1538 552 mucronem
1550 514 1589 553 in
1602 529 1694 567 pro..

37 578 163 633 prium
174 575 272 615 latus
283 573 467 627 impegit:
500 571 657 624 hocque
672 566 840 610 deformi
851 580 987 621 genere
999 569 1133 608 mortis
1144 567 1300 608 excessit
1312 568 1334 607 e
1345 569 1425 609 vita
1441 568 1665 622 justissimus
1678 599 1692 619 ‚

32 645 208 674 aremora
226 629 335 671 ausus
359 627 584 669 miserabiles
600 625 704 666 casus
720 624 846 665 levare
862 623 1086 664 multorum.
1147 625 1300 678 Qubus
1324 625 1378 664 ita
1401 623 1553 665 sceleste
1564 637 1693 680 patra-

32 690 105 736 tis,
137 687 278 729 Paulus
294 699 430 726 cruore
448 682 646 739 perfusus,
684 679 950 733 sreversrisque
970 681 1020 720 ad
1043 680 1232 735 Principis
1254 680 1397 728 castra,
1425 681 1572 722 multos
1595 697 1691 723 coo-

33 755 165 800 pertos
187 744 284 799 pene
299 743 441 782 catenis
451 741 629 783 adduxit,
641 740 679 779 in
689 736 905 792 squalorem
926 735 1097 790 deje&os
1116 749 1235 792 atque
1248 737 1483 778 maestitiam:
1518 752 1691 792 quorum

32 801 203 843 adventu
222 798 516 840 intendebantur
535 795 678 842 eculei,
710 791 907 845 uncosque
929 793 1088 844 parabat
1113 794 1283 835 carnifex
1305 799 1343 836 &
1370 806 1575 835 tormenta.
1637 796 1692 837 Et

34 871 83 898 ex
101 858 146 897 iis
158 865 173 882 ⁰
185 855 389 910 proscripti
408 852 494 893 sunt
515 851 642 906 plures
655 877 667 898 ‚
697 846 853 902 affique
865 848 903 887 in
918 847 1092 889 exsilium
1115 850 1197 890 alii:
1237 851 1442 892 nonnullos
1463 851 1582 906 gladii
1595 865 1693 892 con-

32 912 193 953 sumsere
213 910 399 965 poenales.
459 908 551 950 Nec
561 909 662 948 enim
684 905 889 962 quisquam
902 903 1016 944 facile
1040 908 1214 947 meminit
1228 907 1295 949 sub
1308 907 1540 949 Constantio
1552 936 1566 960 ,
1594 916 1607 936 ⁶
1623 908 1691 950 ubi

33 968 181 1010 susurro
203 977 312 1008 tenus
324 966 408 1006 haec
429 965 707 1010 movebantur,
740 974 978 1017 quemquam
992 961 1222 1004 absolutum.

92 1026 200 1066 CAP.
222 1024 300 1066 VI.
331 1024 436 1064 Inter
459 1022 541 1063 haec
562 1034 577 1058 P
599 1020 756 1061 Orfitus
786 1017 962 1059 Praefesti
981 1019 1171 1074 potestate
1198 1021 1352 1076 regebat
1373 1031 1388 1054 ‘³
1402 1021 1557 1062 Urbem
1581 1030 1692 1061 aeter-

35 1094 122 1122 nam
136 1108 150 1129 ,
178 1079 279 1121 ultra
289 1079 451 1120 modum
466 1079 602 1120 delatae
614 1075 813 1132 dignitatis
825 1073 898 1115 sese
911 1074 1072 1116 efferens
1095 1076 1318 1117 insolenter:
1354 1080 1413 1119 vir
1424 1079 1585 1131 quidem
1598 1091 1694 1131 pru-

81 1177 92 1200 3
114 1167 148 1195 al.
164 1168 271 1195 catena.
310 1176 327 1199 4
346 1166 392 1203 Ms
408 1168 532 1203 abrupro.
572 1176 586 1200 5
607 1165 655 1202 Ms
672 1164 865 1201 reversusquet
882 1163 1007 1191 Ernstius
1024 1164 1065 1191 lib.
1077 1173 1098 1197 5.
1109 1165 1202 1193 Obser.
1214 1167 1374 1202 5.c0gitabat
1384 1166 1626 1202 jchJiffimusreHor,
1647 1174 1693 1194 au-

39 1205 69 1232 ad
83 1206 124 1231 Pr.
164 1206 179 1230 6
199 1203 247 1240 MJJ
259 1204 302 1231 ubi
317 1203 418 1231 usurio.
871 1200 924 1237 fils.
964 1204 1091 1229 Gronov.

917 1247 934 1265 o
956 1239 1085 1276 Prffiripti
1099 1238 1161 1275 fimt
1181 1239 1264 1275 plures
1280 1257 1287 1268 ‚
1309 1242 1408 1276 mique
1429 1242 1455 1266 in
1477 1239 1591 1278 exfilinm
1612 1239 1691 1276 alii]

878 1276 1021 1313 Proscripti
1036 1277 1099 1303 sunt
1109 1294 1116 1305 ‚
1136 1285 1256 1311 quorum
1272 1277 1341 1304 bona
1357 1276 1484 1311 publicata
1498 1281 1574 1305 lunt,
1595 1277 1638 1304 seu
1649 1276 1695 1303 de-

877 1315 987 1348 portati,
1013 1315 1078 1342 utin
1087 1313 1203 1342 Codice,
1224 1322 1287 1340 toto
1296 1314 1379 1341 titulo
1393 1313 1425 1340 de
1434 1314 1510 1340 bonis
1527 1313 1694 1350 proscripto-

878 1360 954 1377 rum.-
974 1352 1023 1378 affl
1038 1357 1127 1377 autem
1142 1352 1168 1376 in
1187 1350 1323 1378 exsilium,
1348 1349 1410 1377 sunt
1428 1350 1543 1385 relegati.
1564 1351 1603 1377 Ita
1621 1353 1694 1378 Mar-

876 1387 986 1414 cellinus
997 1379 1088 1414 noster
1097 1386 1150 1413 haec
1159 1385 1321 1422 distinguere
1331 1386 1405 1413 solet.
1425 1389 1471 1417 Ut,
1481 1387 1592 1423 exempli
1600 1390 1693 1422 gratia,

875 1426 902 1450 in
912 1424 954 1450 lib.
965 1426 1006 1450 26.
1022 1423 1073 1451 sub
1083 1423 1180 1450 finem:
1200 1426 1267 1450 Exin
1275 1423 1331 1451 edm
1340 1422 1462 1458 fitperata
1477 1423 1584 1451 lumbus
1592 1423 1693 1460 ferocia

877 1459 1030 1496 deflagrqffet
1046 1480 1052 1490 ‚
1065 1458 1249 1495 proftriptiones
1265 1457 1299 1490 ὁ·
1315 1459 1403 1496 exsilia
1417 1470 1471 1497 quae
1485 1461 1583 1486 leviora
1600 1460 1693 1487 viden-

875 1503 930 1525 tur,
951 1506 1106 1533 quamquam
1114 1495 1169 1532 sint
1184 1496 1271 1533 aspera
1281 1514 1288 1525 ,
1308 1499 1363 1522 viri
1365 1497 1490 1532 pertulere
1494 1496 1643 1532 fiammares.
1663 1499 1693 1525 δε

30 1318 131 1353 privati
133 1314 193 1352 fimt
203 1328 210 1349 ς
230 1322 323 1352 quanto
331 1317 413 1351 magis
413 1313 488 1351 ftrvi
496 1335 502 1346 ‚
514 1314 630 1351 prasente
638 1315 733 1342 domino
742 1332 749 1344 2
767 1317 844 1342 etiam

33 1355 76 1383 ipz
93 1355 119 1380 in
127 1352 235 1388 obsequio
250 1352 336 1379 debent
349 1352 452 1380 videri?
471 1352 488 1368 ³¹⁵
510 1352 592 1380 Vales.

40 1386 48 1389 ’
70 1389 79 1416 l
98 1388 144 1416 Ad
157 1391 310 1416 Comitatum
326 1391 516 1425 Imperatoris.]
542 1390 571 1415 Id
579 1388 647 1415 Galli
656 1389 763 1416 dicunt,
786 1388 803 1415 t}
819 1388 845 1415 la

35 1428 99 1453 Cuur
111 1424 141 1452 de
155 1425 319 1460 l'Empercur.
357 1425 536 1452 Constantius
553 1427 616 1461 Imp.
632 1426 658 1450 in
676 1426 803 1461 rescripto
813 1426 844 1452 ad

35 1463 158 1489 Taurum
172 1462 189 1488 l.
199 1470 221 1494 7.
237 1462 270 1488 C.
280 1461 312 1488 de
326 1461 410 1489 malci-⁹.
421 1464 447 1489 &
463 1462 584 1489 mathem.
607 1462 662 1496 {Qui
674 1464 700 1488 in
718 1465 844 1488 Comitum

33 1498 183 1533 nostrosuszt,
194 1496 272 1533 iplhm
276 1497 377 1534 pulfimr
381 1498 551 1533 propemodum
560 1499 722 1531 majestatem.
744 1500 775 1525 L.
787 1500 810 1524 6.
821 1507 842 1530 7.

34 1536 67 1562 C.
78 1533 180 1561 Theod.
190 1535 221 1560 de
236 1534 285 1568 leg.
295 1537 322 1562 δε
339 1535 436 1561 decret.
449 1535 525 1569 legat.
544 1531 676 1561 Perdtlcere
691 1534 728 1560 ad
734 1537 845 1561 Comita-

30 1578 92 1599 tum.
111 1570 189 1597 Plura
204 1570 236 1596 de
257 1571 302 1597 hac
324 1571 463 1598 locutione
476 1572 528 1605 jam
541 1578 635 1599 notata
650 1570 680 1596 ad
696 1572 842 1607 symmach.

32 1606 160 1635 Lindenb.

68 1653 94 1671 m
114 1645 198 1671 Exitio
214 1650 315 1679 urgente
334 1643 472 1682 abrupta]
497 1646 583 1672 Antea
602 1645 744 1680 legebatur.
767 1647 842 1672 exitio

31 1686 145 1715 urgente:
166 1679 265 1715 abrepto
267 1679 453 1716 firroeumdem
468 1681 699 1710 adoriturPaulum.
720 1682 771 1709 Sed
780 1680 841 1709 cirm

33 1719 60 1743 in
78 1715 126 1743 Ms.
135 1716 292 1743 Florentino
311 1718 338 1744 &
349 1718 474 1745 Editione
490 1720 610 1745 Romana
625 1718 775 1753 legeretur,
796 1719 839 1745 ab·

33 1760 117 1788 rupto,
139 1753 229 1780 locum
246 1753 279 1781 fic
294 1755 539 1791 interpungendum
548 1755 599 1782 effe
606 1756 760 1783 existimavi.
782 1758 839 1783 Co-

31 1790 81 1817 dex
91 1791 190 1825 Regius
205 1790 329 1826 scriptum
344 1792 417 1819 habet
424 1800 500 1828 rupto.
521 1794 552 1819 In
562 1792 655 1820 eodem
671 1794 762 1820 codice
778 1795 803 1821 ἃ
813 1796 839 1820 in

32 1827 158 1853 Editione
167 1828 247 1854 Rom.
256 1827 353 1862 legitur
362 1848 369 1858 ‚
387 1832 552 1865 quaepercitus
558 1830 597 1856 ille
609 1839 615 1856 :
637 1832 662 1858 ὃς
672 1830 702 1857 ad
712 1840 785 1857 oram
795 1840 840 1858 co-

32 1863 94 1891 dicis
111 1865 188 1899 Regii
203 1864 371 1892 emendatum
384 1866 422 1893 est
438 1875 471 1893 ex
487 1866 642 1901 conjeetura
663 1885 668 1896 ,
682 1877 768 1904 qnare.
789 1869 840 1895 Ce-

32 1898 120 1927 terum
127 1900 271 1935 abruptum
279 1903 406 1931 exitium,
427 1903 624 1939 &periculum,
645 1905 671 1931 &
681 1904 820 1932 discrimen
832 1922 839 1933 ‚

31 1946 112 1964 voces
121 1937 182 1964 sunt
193 1937 348 1965 Marcellino
358 1937 453 1966 nostro
462 1939 612 1969 familiares,
631 1940 696 1968 adeo
707 1949 736 1968 ut
751 1951 841 1968 exem-

31 1973 174 2010 plaafferre
188 1973 382 2009 supervacuum
392 1975 431 2003 fit.
451 1975 484 2004 fic
497 1979 572 2003 etiam
590 1977 745 2013 loquuntur
755 1980 840 2014 Impe-

29 2018 133 2038 ratores
142 2012 169 2037 in
178 2011 234 2046 lege
242 2014 285 2038 28.
296 2013 425 2040 Cod.Th.
435 2013 467 2040 de
481 2014 661 2050 petitionibus
683 2015 766 2042 Vales.

67 2058 85 2077 u
107 2050 214 2075 Remora
223 2047 297 2084 aufin-
312 2049 367 2085 'ms
380 2059 408 2076 ca
420 2060 448 2077 us
455 2050 543 2078 levare
560 2051 722 2090 multorum]
746 2052 837 2080 Editio

31 2084 165 2113 Romana,
185 2093 244 2120 quae
253 2087 338 2121 prima
355 2096 446 2114 recens
462 2090 700 2116 tuminventaarte
709 2098 837 2126 typogra-

31 2120 103 2156 phica
124 2122 223 2156 prodiit
237 2139 245 2151 ‚
264 2122 315 2150 hoc
333 2123 395 2151 loco
420 2124 510 2153 habet,
531 2131 641 2153 remota:
661 2136 749 2163 neque
763 2126 838 2154 aliter

31 2157 115 2198 podex
131 2160 230 2195 Regius
243 2178 249 2189 ,
264 2159 298 2186 acl
312 2162 390 2194 cujus
405 2163 563 2189 interiorem
571 2166 715 2199 marginem
732 2174 763 2191 ex
773 2174 838 2191 con-

32 2194 132 2227 πῶυ-ε
144 2196 312 2224 emendatum
333 2197 371 2225 est
388 2215 395 2227 ‚
415 2208 508 2226 revera
525 2209 531 2226 :
551 2200 626 2235 quod
649 2201 755 2237 quidem
776 2201 838 2228 mihi

33 2238 142 2266 quoque
157 2235 184 2261 in
199 2241 317 2261 mentem
332 2242 441 2262 venerat
455 2255 462 2264 ‚
480 2234 626 2272 antequam
641 2247 702 2265 eum
718 2238 837 2266 codicem

36 2266 125 2294 mustus
141 2270 224 2297 essem.
246 2270 295 2298 Sed
312 2270 422 2300 minime
437 2272 566 2301 satisfacit.
585 2274 671 2301 Poffit
687 2276 839 2311 etiamlegi‚

32 2309 61 2333 tc
68 2302 158 2334 melitis
165 2307 271 2347 sortasse
279 2326 287 2340 ,
293 2316 383 2340 remoto
390 2328 398 2343 ,
407 2309 497 2348 supple
503 2311 594 2352 Paulu-
612 2311 731 2354 Kalefius3
753 2314 830 2344 Henr
842 2335 846 2342 .

876 1533 992 1568 Prosper
1015 1543 1041 1559 in
1060 1533 1200 1560 Chronico
1220 1533 1275 1560 liaec
1291 1533 1402 1568 perinde
1425 1533 1561 1563 distinxit,
1581 1531 1641 1562 cum
1655 1536 1692 1561 nit

876 1571 959 1596 Aetio
978 1571 1005 1597 δε
1024 1568 1170 1605 Sigisvulto
1186 1569 1260 1596 Cois.
1280 1569 1543 1606 Primzimproscrtpri,
1563 1570 1648 1598 deinde
1664 1574 1693 1598 in

873 1606 987 1644 exjfilium
994 1606 1045 1632 αἱῖὶ
1053 1625 1059 1636 ,
1075 1613 1128 1633 tum
1135 1606 1287 1641 atrociffimis
1286 1606 1418 1643 suppliciis
1424 1610 1569 1634 excruciati.
1589 1609 1692 1635 Glossae

873 1652 995 1670 veteres:
1015 1645 1106 1677 &nimico
1129 1642 1291 1679 proscrib03
1311 1647 1418 1677 δήμευσις
1446 1644 1620 1680 proscriptio.
1639 1646 1692 1672 Ca-

874 1681 1038 1716 pitolinusin
1049 1681 1172 1707 Antonio
1181 1681 1236 1707 Pio.
1275 1680 1423 1711 Publicatio,
1447 1683 1553 1716 inquit,
1574 1680 1691 1709 bonorum

871 1717 1036 1754 rariorqmim
1045 1716 1230 1753 umqlmmfizit
1263 1719 1302 1743 ira
1309 1724 1337 1745 ut
1343 1728 1407 1746 unus
1422 1717 1691 1754 rantzimprofiribere-

870 1761 919 1783 tur.
956 1754 1040 1782 vales.

908 1801 924 1828 p
944 1789 1312 1829 Offirustffi'Hipotestate]
1336 1792 1480 1819 Memmius
1494 1792 1690 1820 VitrafiusOr-

872 1828 938 1855 fitus
947 1831 979 1855 V.
990 1827 1227 1855 Cl.Praesecturam
1241 1828 1374 1854 Urbanam
1392 1831 1450 1856 iniit
1461 1831 1485 1855 6.
1495 1829 1558 1856 Idus
1577 1832 1690 1856 Decem-

871 1866 938 1895 bris,
958 1865 1120 1892 Constantio
1139 1866 1207 1900 Aug.
1224 1865 1246 1890 6.
1265 1867 1290 1892 ὅ(
1302 1865 1465 1893 Constantio
1482 1866 1560 1893 Gallo
1578 1875 1601 1893 2.
1613 1866 1687 1893 Coss.

870 1910 901 1929 ut
911 1901 947 1929 est
956 1903 982 1929 in
990 1901 1059 1928 libro
1070 1901 1209 1928 Fastorum
1220 1902 1293 1928 urbis
1303 1903 1397 1930 Romae
1408 1920 1415 1931 2
1433 1912 1513 1940 quem
1522 1905 1625 1938 primus
1634 1901 1689 1929 edi-

869 1939 907 1966 dit
916 1938 1105 1974 Cuspinianus.
1144 1937 1219 1965 Idem.

906 1990 923 2017 q
942 1982 1036 2010 Urbem
1058 1990 1186 2010 aeternam.
1205 1984 1217 2019 ]
1241 1984 1282 2010 Sic
1297 1983 1363 2010 locis
1380 1981 1496 2010 infinitis
1520 1982 1685 2019 appellatur,

870 2027 926 2045 non
945 2018 1032 2047 solum
1049 2020 1080 2046 ab
1089 2022 1178 2046 Amm.
1190 2019 1232 2046 sed
1249 2020 1278 2046 ab
1294 2019 1439 2056 ipfisetiam
1450 2021 1532 2056 Impp.
1546 2028 1576 2048 ut
1586 2021 1689 2048 exilio-

871 2065 932 2082 rum
941 2057 1192 2084 Constitutionibus
1211 2065 1318 2083 notum.
1340 2059 1371 2084 In
1387 2059 1505 2084 nummis
1523 2066 1688 2094 quoquean-

872 2095 971 2129 tiquis,
992 2093 1108 2121 insidens
1127 2095 1205 2121 scuto
1223 2095 1309 2120 Roma
1322 2112 1329 2122 ,
1352 2093 1491 2121 νίξὶοτίεῐη
1508 2094 1619 2124 dextr&
1639 2095 1688 2122 sci-

871 2132 978 2166 pionem
993 2130 1098 2158 ifinistra
1117 2140 1229 2167 gerens,
1249 2140 1309 2158 cum
1320 2131 1363 2157 hac
1379 2129 1552 2166 inscriptione
1560 2130 1685 2159 videtur:

873 2176 979 2194 ROMAE
1003 2176 1181 2195 AETERNAE.
1205 2167 1262 2195 Alia
1279 2166 1421 2194 ambitiosae
1430 2167 1510 2200 hujus
1520 2168 1594 2196 urbis
1602 2168 1688 2203 elogia

870 2204 928 2231 alibi
945 2204 1135 2240 congessimus.
1176 2205 1265 2231 Lubet
1281 2214 1353 2231 nunc
1370 2202 1474 2230 tantum
1488 2214 1567 2241 pauca
1583 2214 1614 2232 ex
1630 2206 1686 2233 aliis

873 2240 1041 2268 Aii&0ribus
1056 2241 1165 2268 colleCia
1181 2241 1232 2268 huc
1240 2249 1382 2276 apponere.
1421 2242 1457 2267 Et
1474 2242 1581 2277 quidem
1589 2244 1686 2271 Romae

871 2278 1041 2305 urbislaudes
1059 2277 1255 2312 elegantissimis
1273 2277 1391 2304 versibus
1404 2280 1472 2305 canit
1483 2280 1576 2306 Lesbia
1586 2280 1687 2307 Erinna

870 2313 939 2352 apud
953 2315 1093 2350 stobaeum
1113 2323 1165 2352 cap.
1179 2323 1300 2344 κινιιι,
1320 2315 1351 2342 de
1369 2316 1542 2345 Fortitudine
1556 2336 1562 2347 ,
1581 2325 1608 2353 p.
1627 2318 1684 2345 166.

1271 2352 1362 2408 Cs
