2007 2658
99 91 327 124 consnurxus‘-
337 87 403 117 Auass
421 87 552 114 Arbetione

101 130 245 157 &Lolliano
254 124 321 153 coir.
330 129 404 150 Anno
412 122 469 148 cin.
480 127 536 154 3⁵5·
870 82 989 129 LIB.
1006 81 1115 131 XV.
1142 84 1286 131 CAP.
1306 84 1369 135 V.
1600 83 1627 132 8
1636 104 1662 148 9

21 173 159 218 cretius
170 170 387 212 collocutus
396 192 410 212 ‚
433 161 648 216 iisdemque
658 155 924 212 magnitudine
937 156 1128 210 promiffae
1140 159 1324 198 mercedis
1337 161 1500 201 accensis
1520 188 1531 208 ,
1560 170 1576 197 r
1587 162 1666 200 cul-

21 238 89 274 tu¹
106 240 303 285 purpureo
325 222 569 264 adr-aeonum
589 220 629 257 &
649 213 882 256 vexillorum
903 211 1111 267 insignibus
1133 213 1183 252 ad
1201 224 1354 267 tempus
1384 216 1590 264 abstulero,
1615 217 1666 256 ad

21 287 174 330 culmen
185 278 377 337 imperiale
387 275 564 316 surrexit.
608 272 795 326 Dumque
806 268 889 309 haec
901 278 1069 323 aguntur
1079 268 1118 308 in
1129 267 1264 308 Galliis
1276 297 1289 316 ,
1309 271 1358 310 ad
1368 272 1545 311 occasum
1559 274 1593 312 in
1600 273 1665 312 cli-

21 354 113 386 nato
128 343 208 397 jam
227 338 290 378 die
303 362 316 383 ,
343 329 532 387 perfertur
553 327 828 369 Mediolanum
845 324 1081 379 insperabilis
1102 324 1258 364 nuntius
1276 352 1286 366 ,
1309 327 1440 376 aperte
1466 328 1665 367 Silvanum

0 418 1 430 ³
21 394 278 442 demonstrans
290 418 304 438 ‚
331 389 427 429 dum
437 400 487 428 ex
498 393 514 410 2
529 383 758 441 Magisterio
772 378 950 438 peditum
962 380 1075 421 altius
1093 381 1228 420 nititur
1247 408 1257 424 ‚
1277 379 1481 421 sollicitato
1493 385 1664 424 exercitu

0 457 1 461 ’
22 457 74 498 ad
84 449 299 506 Augustum
310 444 463 485 culmen
479 442 668 484 eveetum.
698 441 790 481 Hac
801 438 904 479 mole
915 436 1021 478 casus
1031 436 1180 491 inopini
1193 434 1426 476 Constantio
1438 438 1514 476 ie‘co
1527 466 1538 484 ,
1559 440 1665 492 quai}

0 525 2 535 ⁴
20 509 176 553 fulmine
187 503 259 546 fati
269 526 282 552 ;
314 501 501 542 Primates
513 497 673 540 consilio
685 494 992 550 secundavigilia
1011 502 1231 533 convocato
1255 504 1512 547 properarunt
1533 508 1664 534 omnes

1 560 2 568 ¹
19 569 60 609 in
69 563 220 620 regiam.
255 555 606 612 Cumquenulliad
615 553 840 610 eligendum
855 551 954 606 quid
974 552 1038 605 agi
1048 549 1203 590 deberet
1215 576 1228 596 ‚
1251 562 1355 588 mens
1368 547 1569 602 suppetere
1581 551 1667 601 pos-

1 604 304 672 ³setautlingua:
329 611 515 655 submissis
535 612 661 653 verbis
676 618 687 642 ³
702 607 1026 666 perstringebatur
1043 605 1213 647 Urficini
1234 605 1380 645 mentio
1400 633 1409 649 ‚
1438 615 1482 644 ut
1503 605 1665 645 consiliis

17 678 73 720 rei
80 675 226 718 bellicae
239 668 535 728 praestantissimi
552 696 565 717 ‚
585 667 803 721 frustraque
812 665 921 719 gravi
931 663 1066 717 injuria
1085 660 1262 702 lacessiti:
1287 665 1324 701 ὃς
1337 668 1353 694 ‘1
1368 674 1436 714 per
1457 660 1667 702 Admiss'io-

19 729 376 785 numMagistrum‚
398 727 490 783 (qui
500 738 584 765 mos
603 724 656 764 est
676 719 935 774 honoratior)
971 719 1098 758 accito
1118 718 1258 758 eodem
1272 745 1284 765 ,
1316 717 1503 772 ‘ingresso
1527 716 1667 757 Consi-

17 789 178 833 storium
197 785 379 827 soffertur
389 790 407 815 4
417 794 590 838 purpura
601 809 611 827 ‚
634 779 762 821 multo
773 776 893 833 quam
905 787 1014 817 antea
1025 775 1214 830 placidius
1227 807 1234 815 .
1248 807 1255 815 .
1267 801 1278 813 .
1291 806 1298 814 .
1309 777 1320 796 t
1330 775 1505 814 omnium
1518 774 1666 828 primus

57 891 71 910 ι
92 879 142 917 Mss
161 889 298 917 purpureo
315 878 330 906 *a
349 877 506 905 draconum.
543 882 559 900 2
578 873 614 900 al.
631 881 665 901 ex
690 871 828 908 Magistro.

58 927 70 952 3
91 919 125 946 al.
135 917 176 945 fit.
213 926 231 949 4
246 916 294 952 MJJ
302 923 422 951 purpura
430 912 518 940 multo
527 910 610 948 quam
617 907 826 945 antea'placidius

19 952 37 984 Τ
37 974 217 984 ............
237 955 360 980 omnium
368 954 471 990 primus
480 956 588 976 extorta
596 949 619 975 ei
634 949 708 983 regio
717 956 746 973 re
753 946 827 974 insti·

19 994 74 1022 tuit
88 991 192 1020 adorari
206 988 267 1018 cum
282 989 392 1025 semper.
407 987 443 1015 al.
459 995 592 1022 purpura,
607 993 688 1021 atque
711 986 745 1011 ita
764 990 826 1010 ante

5 1030 148 1065 ‹Px-incipis
161 1027 241 1064 pedes
255 1026 398 1063 supplicem
411 1025 564 1053 statuerunt
579 1030 760 1050 externorum
776 1022 828 1048 Re-

2 1080 4 1087 .
19 1075 86 1104 gum
94 1068 149 1094 ritu
158 1063 220 1093 cum
227 1064 338 1099 semper.

19 1108 831 1120 Μ

19 1126 114 1164 cipales
130 1126 243 1156 milites.
265 1129 312 1164 qui
324 1127 469 1164 privilegiis
483 1130 654 1155 muniuntur.
681 1128 828 1163 Principio-

20 1165 172 1199 rumigitur
180 1167 292 1192 vertices
302 1182 309 1193 ‚
332 1165 394 1192 sunt
401 1165 532 1194 Tribuni,
549 1165 733 1192 Centuriones
743 1182 750 1193 ,
773 1165 827 1192 Or-

19 1200 113 1228 dinarii
122 1220 129 1232 ,
148 1202 318 1231 Draconarii,
339 1204 365 1230 &
376 1201 485 1232 similes,
505 1209 536 1230 ut
545 1199 647 1237 optime
656 1201 767 1229 declarat
775 1204 827 1231 Ve-

17 1239 105 1274 getius
114 1239 141 1265 in
150 1237 192 1265 lib.
202 1247 226 1265 2.
234 1247 287 1275 oep.
301 1247 340 1270 13.
360 1237 476 1265 Eosdem
484 1232 612 1266 Procere's
618 1239 746 1274 appellare
755 1239 827 1266 vide-

19 1281 66 1303 tur
83 1274 253 1303 Marcellinus
268 1275 361 1303 noster
376 1275 425 1303 sub
438 1277 545 1304 initium
559 1276 602 1303 lib.
612 1284 656 1302 20.
671 1286 731 1304 cum
745 1276 824 1303 dicit:

16 1310 67 1340 Ad
79 1314 227 1340 convivium
243 1311 386 1340 Proceribm
391 1320 522 1348 corrogatos
532 1332 539 1343 ,
552 1319 634 1348 petere
635 1312 695 1347 jure
697 1312 724 1350 si
730 1312 794 1349 quid
799 1315 825 1339 in

15 1354 129 1385 promptu
141 1347 196 1385 effit
209 1348 295 1376 edixit.
314 1349 440 1376 Libanius
454 1348 524 1377 vero
541 1351 569 1376 in
579 1350 712 1376 Oratione
719 1349 826 1376 funebri

17 1384 52 1412 de
63 1384 182 1414 laudibus
196 1385 295 1422 Juliani
304 1403 311 1414 ‚
331 1386 448 1412 eamdem
463 1394 520 1412 rem
535 1394 662 1412 narrans:
681 1387 720 1413 ιι-ὲς
733 1386 797 1420 iupus
810 1390 827 1412 ”er-

19 1425 91 1457 λὸχων
102 1421 226 1458 appellat,
245 1421 274 1450 ὂν
286 1424 396 1458 ἱξῆρτκτας
411 1423 437 1449 τὶ
451 1423 529 1449 λοιπόν.
548 1419 630 1457 Valef

55 1466 74 1494 p
93 1458 168 1487 Cultu
171 1465 290 1494 purpureo
298 1459 315 1485 ἃ
322 1458 453 1485 draconum
462 1462 497 1489 ω’
503 1457 652 1485 vexillorum
659 1456 801 1493 insignibus.
811 1459 824 1494 ]

18 1492 93 1522 Cum
108 1496 210 1532 imperii
224 1497 357 1531 mff'oemm
373 1495 437 1522 effer
452 1503 586 1530 purpura,
606 1503 684 1530 quam
693 1494 828 1522 conficere

17 1529 67 1559 sub
80 1539 160 1566 poena
175 1531 444 1567 eupitisinterdifium
459 1538 532 1557 eram
553 1530 776 1566 quityrannidem
785 1540 827 1556 ar-

16 1567 160 1604 ripiebant,
179 1575 326 1604 purpuram
343 1567 376 1593 de
384 1566 463 1601 fignis
471 1573 518 1593 aut
525 1565 628 1592 vexillis
643 1575 671 1592 ac
679 1565 770 1592 statuis
779 1566 824 1592 de-

17 1602 124 1631 trahere
137 1603 236 1631 necesse
250 1603 380 1630 habebant
396 1612 402 1629 :
428 1602 515 1629 donec
529 1603 643 1637 imperio
659 1600 824 1629 confirmato

33 1638 116 1668 onfici
132 1638 178 1667 fibi
191 1648 354 1677 purpuream
363 1638 462 1666 vestem
469 1639 603 1673 juberent.
623 1641 665 1666 De
673 1639 777 1666 vexillis
787 1647 826 1666 te-

17 1676 104 1704 statur
111 1676 280 1712 Capitolinus
288 1679 316 1704 in
326 1676 469 1704 Gordianis
480 1685 486 1702 :
507 1674 614 1703 Sublata
621 1675 650 1702 de
657 1676 825 1712 vexillz‘spur-

2 1734 3 1737 η
17 1711 81 1750 pura*
89 1715 250 1748 Imperatores
264 1723 302 1742 eos
309 1712 424 1740 dicemus.
446 1715 488 1741 De
495 1711 586 1740 statuis
593 1712 687 1741 audior
696 1712 733 1739 est
742 1715 825 1750 Vopi-

18 1750 80 1778 scus
86 1751 114 1776 in
124 1751 268 1778 Saturnino
279 1760 285 1778 :
303 1747 534 1788 Depositdpurpura*
540 1759 571 1776 ex
570 1748 706 1787 simulacro
714 1751 824 1779 Veneris,

45 1785 116 1814 clade
127 1788 215 1814 uxoria
223 1786 347 1814 militibus
353 1785 568 1821 circumstantibus
574 1788 682 1814 amic'Jus
691 1783 726 1817 &⁶
733 1785 824 1813 adora-

29 1832 60 1852 us
73 1821 114 1859 est.
141 1823 177 1849 Et
189 1823 276 1851 Pollio
285 1826 311 1851 in
319 1823 399 1851 Celso
409 1824 550 1860 Tyranno.
577 1823 702 1850 Libanius
712 1831 824 1860 quoque

19 1862 45 1887 'n
53 1858 226 1887 Antiochensi
241 1869 296 1898 pag.
305 1861 360 1894 363.
377 1860 409 1887 de
419 1860 540 1896 Eugenio
558 1860 675 1896 quodam
684 1860 809 1888 Tribuno
817 1880 824 1891 ‚

38 1897 66 1924 ui
74 1895 232 1923 Diocletiani
241 1897 404 1934 temporibus
418 1895 589 1934 tyrannidem
595 1898 707 1932 arripuit
717 1908 724 1922 :
742 1910 825 1933 wem-

36 1937 87 1964 θθ·
107 1935 148 1967 ἓρξὶ
169 1933 190 1967 ιᾲ
210 1934 236 1960 ἐκ
252 1937 333 1968 ἔμελλε·
352 1935 372 1969 ,ᾖ
389 1933 420 1961 hi}
431 1935 460 1969 78
473 1934 563 1968 iiapyie
581 1935 711 1968 ἀγάλματι
725 1946 825 1967 περικει-

47 1970 53 1980 ’
73 1989 81 2001 ,
100 1970 192 1997 ταύτῑω
208 1971 268 1999 ἐνθεὶς
282 1974 343 2007 ἔργου
359 1971 436 2006 εἶχετο.
456 1969 597 1996 Interdum
605 1971 683 1996 etiam
692 1978 725 1996 ex
734 1979 827 2007 gynae-

0 2014 2 2038 ζ
35 2015 67 2034 eo
81 2005 248 2041 segmentum
261 2007 371 2044 aliquod
384 2006 514 2044 rapiebant
523 2015 657 2043 purpurae.
677 2008 718 2034 Sic
726 2009 828 2037 Proco-

38 2044 77 2071 'ua
91 2040 106 2069 *a
125 2040 245 2070 Faustina
261 2044 416 2072 Constantii
433 2042 569 2079 quondam
585 2051 828 2080 uxorepurpuram

1 2083 3 2085 ’
49 2078 138 2144 ffisse
152 2077 250 2107 dicitur
258 2084 286 2109 in
295 2081 389 2108 lib.26.
410 2080 577 2117 EtJulianus
585 2081 612 2106 in
622 2080 758 2107 Oratione
769 2091 790 2110 r.
800 2085 827 2111 &

41 2136 47 2144 .
91 2114 282 2146 Constantium
291 2135 299 2147 ,
320 2117 457 2145 Silvanum
472 2119 507 2144 ait
516 2124 572 2143 non
580 2125 613 2143 ex
623 2114 703 2150 signis
715 2135 722 2147 ,
741 2117 783 2146 sed
794 2128 827 2146 cx

23 2160 145 2190 gynaeceo
163 2159 310 2190 purpuram
327 2152 462 2189 sumpsisse
479 2163 484 2179 :
504 2151 579 2189 quod
595 2152 702 2189 quidem
716 2155 744 2181 in
761 2165 827 2184 con-

27 2194 268 2253 1pplnffgiixpdgglranni
276 2191 447 2229 probabiliter
455 2190 485 2217 ab
494 2196 603 2217 oratore
611 2188 760 2219 confidam
768 2194 826 2220 exi.

60 2269 80 2298 q
96 2261 142 2288 Per
155 2261 328 2302 Admiffionum
343 2261 520 2300 Magistrum]
548 2259 672 2296 Magister
681 2261 826 2291 Admiffio-
847 2263 992 2301 solemniter
1000 2262 1066 2288 anhe

860 868 1027 896 troducebat.
1046 869 1137 902 Hujus
1147 869 1266 894 meminit
1275 866 1405 902 Vopiscus
1416 868 1441 892 in
1453 865 1598 893 Aureliano
1608 886 1615 896 ‚
1637 866 1665 892 ἔτ.

858 907 901 933 lex
920 914 958 933 iz.
978 906 1048 933 Cod.
1064 904 1167 932 Theod.
1184 905 1216 931 de
1225 904 1325 939 glaebali
1341 913 1441 936 onere3
1462 903 1553 930 &alibi
1563 905 1665 929 mentio

857 945 916 978 ejus
934 943 1070 978 dignitatis
1084 943 1212 969 occurrit.
1232 941 1285 968 Sub
1292 950 1325 967 eo
1334 942 1385 968 fuit
1395 941 1514 967 officium
1523 939 1668 966 Admiffin-

858 991 940 1010 num,
960 982 1007 1014 qni
1017 978 1219 1007 Admiffionales
1233 978 1458 1013 dicunturinlege
1470 986 1491 1009 3.
1511 978 1537 1004 &
1549 985 1570 1008 7.
1591 976 1663 1004 Cod.

858 1019 890 1045 de
899 1017 1042 1054 privilegiis
1053 1025 1149 1043 eorum
1159 1018 1205 1050 qui
1213 1018 1239 1041 in
1249 1016 1342 1050 palatio
1350 1015 1470 1041 militant.
1490 1015 1551 1040 Fuit
1561 1016 1587 1041 δε
1598 1015 1666 1040 Pro-

858 1058 947 1084 ximus
958 1053 1172 1081 Admiffionum‚
1191 1053 1270 1086 cujus
1279 1054 1397 1079 meminit
1408 1051 1577 1078 Marcellinus
1587 1053 1612 1076 in
1623 1050 1667 1076 lib.

842 1108 844 1117 κ
857 1102 899 1120 22.
920 1089 1128 1119 Manumittendis
1146 1098 1177 1114 ex
1190 1099 1254 1115 more
1263 1089 1416 1124 ividftc‘l'isper
1424 1088 1600 1122 Admiffimtm
1610 1089 1668 1112 Pru-

857 1133 962 1158 ximum.
982 1129 1009 1155 Is
1018 1136 1073 1155 erat
1082 1128 1186 1163 primus
1196 1125 1254 1161 post
1267 1125 1438 1160 Magistrum:
1459 1124 1664 1158 undeinielligi—

859 1176 905 1195 tur
921 1186 928 1197 ,
950 1174 1033 1202 quare
1047 1165 1208 1192 honoratius
1224 1163 1299 1190 fuisse
1316 1162 1382 1188 dicat
1398 1161 1567 1189 Marcellinus
1585 1178 1591 1188 ‚
1618 1169 1666 1196 per

858 1203 1013 1240 Magistrum
1030 1200 1155 1230 accersiri.
1182 1201 1223 1227 Ab
1231 1199 1269 1226 his
1281 1199 1515 1226 Admiffionalibus
1531 1208 1587 1224 non
1598 1197 1668 1224 mul-

858 1250 915 1268 tum
925 1239 1019 1267 diverfi
1034 1238 1096 1266 sunt
1105 1239 1264 1264 invitatores
1273 1254 1280 1265 ‚
1301 1236 1532 1272 quiadmittendos
1542 1235 1616 1261 ultro
1626 1236 1666 1260 in-

857 1280 975 1306 vitabant
984 1296 991 1307 ,
1009 1278 1040 1304 de
1051 1276 1148 1312 quibus
1157 1273 1331 1310 loquiturlex
1340 1273 1444 1301 ultima,
1460 1272 1529 1298 Cod.
1539 1272 1570 1298 <ic
1579 1271 1667 1297 diver—

857 1315 890 1342 fis
907 1314 1009 1342 officiis.
1034 1315 1070 1340 Hi
1080 1321 1166 1349 porro
1184 1320 1278 1337 omnes
1287 1318 1362 1336 erant
1372 1310 1418 1336 sub
1428 1307 1599 1342 dispositione
1610 1309 1667 1333 Ma-

858 1352 932 1388 gistri
949 1350 1112 1378 officiorum
1125 1366 1131 1377 ,
1152 1355 1183 1374 ut
1199 1356 1231 1373 ex
1251 1348 1356 1373 Notitia
1370 1346 1476 1379 Imperii
1490 1344 1593 1371 constat
1609 1363 1614 1373 ,
1633 1343 1664 1369 ad

858 1397 939 1423 quem
963 1386 1091 1421 speeiabat
1111 1386 1186 1410 viros
1202 1382 1357 1409 clarisslmos
1374 1384 1400 1414 &c
1416 1382 1517 1417 legatos
1542 1382 1665 1408 omnium

857 1426 978 1460 gentium
987 1425 1013 1449 in
1024 1419 1356 1450 Consistoriuminducere
1365 1439 1372 1450 ‚
1392 1427 1423 1446 ut
1431 1418 1504 1445 testis
1513 1418 1550 1445 cst
1560 1416 1666 1444 Cassio-

858 1461 943 1489 dorus
951 1460 994 1487 lib.
1004 1460 1060 1486 6.in
1070 1457 1186 1485 formula
1195 1456 1348 1490 Magisteriae
1358 1456 1501 1490 dignitatis.
1520 1453 1595 1481 Idem.

895 1508 909 1524 r
928 1494 1031 1532 Ingreffia
1047 1494 1217 1529 Confistorium
1231 1491 1331 1526 offertur
1343 1494 1482 1528 purpura]
1506 1492 1592 1524 Qm
1602 1489 1665 1516 ado-

858 1542 917 1559 rare
932 1540 1008 1558 more
1024 1540 1098 1557 novo
1106 1530 1259 1564 cogebatur.
1282 1527 1445 1555 Infiadorare
1452 1529 1579 1561 solenniter
1586 1527 1665 1553 anhe-

856 1568 950 1595 lantem
965 1566 1198 1602 celfizispurpuram.
1220 1565 1285 1599 Qo
1295 1564 1378 1590 modo
1388 1561 1464 1591 eriam
1475 1564 1520 1599 ipsi
1532 1563 1666 1599 Impp.10-

856 1612 996 1640 quuntur,
1017 1604 1048 1629 L.
1058 1611 1081 1634 4.
1102 1601 1177 1628 C.de
1192 1600 1331 1628 Consulib.
1349 1602 1441 1628 &non
1452 1604 1534 1637 sparg.
1547 1602 1577 1627 L.
1592 1610 1613 1627 1.
1630 1602 1664 1627 C.

856 1641 888 1669 de
896 1639 1013 1676 Praepos.
1029 1640 1100 1667 Cub.
1112 1640 1219 1666 L.unic.
1237 1639 1270 1664 C.
1279 1637 1310 1664 de
1326 1638 1427 1664 Comit.
1438 1638 1628 1666 &Tribun.L.
1642 1647 1662 1662 r.

856 1679 888 1706 C.
903 1677 936 1705 de
950 1677 1080 1704 Silentiar.
1095 1677 1126 1702 L.
1138 1674 1185 1701 fin.
1196 1676 1230 1702 C.
1241 1674 1273 1701 de
1281 1673 1457 1702 Palat.iacrar.
1468 1676 1544 1709 Larg.
1555 1677 1584 1702 L.
1595 1682 1617 1699 2.
1630 1675 1663 1701 C.

856 1715 887 1742 de
895 1714 980 1751 privil.
988 1713 1074 1741 Schol.
1083 1714 1170 1740 Graeci
1180 1711 1272 1739 dicunt
1282 1730 1288 1740 ‚
1302 1714 1438 1745 χλαμύφφυ
1445 1713 1660 1744 ωῢηυλινὸεῑθαμ

855 1751 983 1778 Themist.
993 1752 1069 1778 Orat.
1079 1759 1110 1776 xi
1119 1758 1128 1775 x
1137 1758 1157 1775 1.
1182 1746 1315 1775 Lindenbr.

891 1788 909 1814 s
921 1786 1034 1822 offertur
1044 1793 1162 1823 purpura.
1174 1786 1186 1821 ]
1211 1785 1241 1811 Id
1256 1783 1292 1810 est
1301 1802 1308 1813 ‚
1325 1783 1464 1812 adorandae
1475 1783 1550 1812 sacrae
1559 1792 1663 1821 purpu-

854 1835 891 1852 rae
908 1826 983 1860 copia
997 1823 1083 1851 datur.
1110 1822 1236 1850 Solebant
1251 1823 1321 1848 enirn
1337 1822 1513 1858 Imperatores
1531 1819 1663 1856 ultroipst

853 1861 1022 1888 venientibus
1038 1859 1181 1897 chlamydis
1198 1858 1314 1885 laciniam
1323 1860 1476 1893 porrigere,
1496 1867 1552 1894 quo
1562 1858 1664 1890 majore

852 1900 941 1925 animo
956 1897 1116 1925 accederent.
1143 1895 1222 1923 Unde
1235 1894 1359 1931 Julianus
1370 1897 1438 1929 Aug.
1449 1894 1597 1923 Lucilliano
1609 1896 1643 1920 ait
1656 1902 1663 1919 :

855 1934 996 1970 Majqstatis
1011 1932 1102 1970 insigne
1116 1942 1163 1959 mn
1177 1938 1205 1959 ut
1212 1929 1347 1966 consiliario
1356 1931 1417 1961 tibi,
1432 1930 1478 1965 sed
1482 1938 1511 1958 ut
1517 1930 1612 1966 desinas
1615 1937 1664 1965 pa—

854 1981 930 2000 vere,
945 1972 1054 2007 porrexi.
1075 1968 1287 1996 Infrainlibar.
1307 1967 1552 1994 Adorandaeautem
1563 1975 1665 2002 purpu-

854 2018 892 2035 rae
909 2010 979 2035 ritus
996 2016 1052 2034 erat
1065 2005 1211 2041 ejusmodi,
1232 2011 1264 2031 ur
1274 2005 1374 2032 Patricii
1389 2002 1663 2040 quidemaddextram

855 2045 982 2080 Principis
991 2043 1109 2081 papillam
1116 2042 1257 2069 adorarent
1265 2056 1272 2067 2
1290 2041 1471 2076 Princepsque
1479 2048 1575 2066 eorum
1584 2047 1664 2074 caput

856 2080 1074 2109 deoscularetur:
1096 2082 1239 2107 Senatores
1255 2074 1322 2102 vero
1337 2087 1366 2105 ac
1380 2079 1461 2103 ceteri
1477 2085 1546 2111 genu
1563 2075 1662 2102 dextro

856 2126 917 2145 ante
926 2119 1072 2154 Principem
1083 2115 1154 2143 flexo
1163 2113 1331 2141 abscederent
1340 2132 1347 2142 ,
1366 2112 1591 2148 quemadmodum
1601 2112 1663 2139 stri-

855 2154 892 2181 bit
906 2155 1057 2190 Procopius
1073 2155 1100 2180 in
1117 2150 1263 2179 Anccdotis
1278 2147 1324 2174 sub
1339 2149 1438 2176 finem:
1458 2158 1537 2185 quem
1545 2149 1664 2177 habitum

855 2192 983 2226 exprimit
993 2189 1161 2218 Marcellinus
1171 2186 1259 2222 paullo
1269 2183 1329 2220 post
1339 2202 1346 2214 ‚
1367 2185 1427 2213 cum
1436 2186 1468 2213 de
1476 2185 1599 2212 Urficino
1609 2186 1664 2213 hcec

854 2227 932 2255 dicit.-
952 2222 1076 2261 Adab'i‘ris
1085 2234 1115 2251 ue
1129 2224 1264 2250 inclinante
1279 2222 1372 2255 negotio
1387 2221 1434 2258 ipsit
1442 2224 1551 2249 cervices
1559 2221 1664 2248 adorare

1067 2235 1162 2288 {antem
1170 2257 1225 2295 celsi
1228 2257 1256 2285 125
1258 2263 1431 2292 purpuratum.
1449 2258 1515 2286 Vide
1523 2259 1627 2285 Suidam
1635 2260 1663 2285 ln

20 2249 193 2344 inmiserat.
211 2304 257 2338 qui
270 2304 346 2333 viros
360 2302 511 2331 honoratos
527 2300 556 2327 in
566 2296 768 2329 Consistorium
784 2302 826 2332 in·
855 2300 1061 2335 offmmofiaevq,
1076 2296 1256 2326 &Eusebium
1265 2292 1307 2320 lib.
1316 2300 1341 2325 4.
1350 2293 1443 2324 devita
1452 2294 1548 2326 Const.
1558 2304 1608 2332 cap.
1621 2303 1663 2329 57,

23 2394 26 2540 l

23 2581 27 2598 'l

23 2603 27 2622 l

1033 2334 1086 2380 M
