2007 2658
522 73 905 118 HADRIANI
930 72 1222 115 VALESII
1250 72 1667 128 PRAEFgATIO

274 167 426 217 eologiam
439 164 596 201 ridiculam
608 163 801 199 continebat.
829 165 918 199 Victus
929 163 1034 202 enim,
1059 165 1091 197 δε
1107 162 1224 211 mensa,
1250 175 1309 198 una
1328 162 1498 211 eademque
1517 159 1570 198 res
1579 162 1642 198 estt
1662 164 1694 198 ἃ
1713 164 1811 212 mnsae
1822 160 1933 212 Juliani

276 231 333 268 pro
346 214 449 251 mensa
460 213 583 249 absurde
597 223 795 251 vocarentur.

328 264 461 301 lbidem,
486 262 705 309 Expergcfiraur
716 261 882 308 explorabat
900 273 950 307 per
965 261 1150 309 fimetipsum
1162 261 1329 308 vigiliarum
1341 264 1413 296 vices
1431 260 1469 298 ό·
1483 258 1665 306 stationum:
1688 259 1746 308 post
1755 261 1810 296 hac
1825 261 1925 310 soria,

278 317 318 351 ad
327 325 403 349 artes
415 312 578 358 confugiens
592 313 799 348 doctrinarum.
826 313 871 345 Ita
880 310 1050 344 editiones:
1079 309 1157 359 quali
1168 311 1275 344 serium
1288 323 1351 344 non
1365 309 1400 344 fit
1409 308 1541 346 studium
1552 309 1723 344 litterarum
1732 333 1741 349 ‚
1762 320 1811 345 aut
1825 309 1931 348 saltem

278 363 386 401 minus
400 361 506 395 serium
523 359 675 394 noeturna
686 359 902 405 exploratione
916 359 1041 407 vigilum
1052 383 1061 398 ,
1085 370 1174 407 atque
1187 359 1352 393 stationum
1365 382 1373 397 ‚
1385 372 1476 407 quam
1490 358 1623 404 Julianus
1634 357 1737 394 studiis
1748 360 1934 407 praemittere

279 412 536 448 confixeverat.1n
549 408 656 444 codice
668 408 857 443 Colbertino
869 409 954 442 unius
964 409 1102 443 litterulae
1112 409 1286 453 adjefflone
1295 410 1381 443 locus
1400 408 1438 443 lic
1461 407 1650 444 emendatur.
1678 408 1741 456 Post
1750 409 1806 444 hac
1815 431 1826 447 2
1842 409 1938 456 s'eriaeo

277 463 315 496 ad
325 470 401 495 artes
413 457 578 505 confugiens
589 460 792 492 doctrinarum.
845 457 879 491 Id
899 456 962 491 est:
987 457 1055 504 post
1073 460 1233 505 explorata
1253 455 1346 492 castra
1359 481 1369 497 ‚
1387 458 1448 492 five
1469 457 1538 506 post
1556 456 1634 492 facta
1653 456 1719 492 haec
1729 469 1796 506 quae
1807 457 1837 492 in
1848 457 1936 493 bello

279 507 438 545 necefl'aria
450 506 517 541 sunt
529 530 537 544 ‚
560 507 692 550 Julianus
704 506 738 539 ad
751 503 820 539 seria
833 507 1069 541 convertebatur
1078 531 1088 548 ,
1109 506 1271 554 litterisque
1284 508 1421 544 vacabat.
1817 531 1819 533 >

331 560 368 591 In
389 557 467 590 libro
476 555 600 590 eodem.
616 567 685 604 pag.
698 566 784 600 470.
804 554 841 588 de
852 555 986 600 Joviano
1000 557 1042 590 A.
1053 556 1084 588 in
1097 554 1214 590 summa
1234 567 1333 589 rerum
1345 556 1488 591 omnium
1500 555 1605 604 inopia
1619 567 1689 590 curn
1704 554 1800 590 Persis
1810 553 1849 590 de
1861 566 1938 603 pace

1983 0 2007 47 ‹re-⁴1

278 619 335 655 per
345 604 535 653 quatriduum
546 603 741 638 deliberante.
794 605 861 648 Qo
872 606 1002 648 temporis
1020 604 1110 650 spatio
1121 616 1150 638 a.
1162 605 1189 636 h.
1203 616 1243 638 m.
1255 604 1427 650 fiexabusus
1441 607 1570 652 Princeps
1589 606 1746 650 paullatim
1757 604 1936 651 terris-liasti-
1979 642 1982 643 ⁷
2001 621 2007 624 ·

278 658 348 690 libus
360 654 510 700 exceſsisset
519 675 529 691 ‚
550 649 671 698 profeiio
684 651 797 698 veniffet
807 653 844 686 ad
853 651 980 700 praefidia
996 653 1148 686 Corduena
1161 673 1171 689 ‚
1188 653 1282 686 uberis
1293 655 1409 698 regionis
1421 652 1457 689 Θ·
1469 653 1561 699 noflrae
1576 677 1584 691 ,
1593 658 1656 689 &c.
1684 656 1729 688 Ita
1742 654 1940 689 codex-Col-

280 703 415 739 bertinus
425 701 535 736 diserte
545 700 812 748 scriptumhabet:
840 699 915 735 curn
935 700 967 734 in
987 700 1075 735 editis
1087 700 1248 735 Ammiani
1267 700 1350 736 libris
1367 701 1483 749 legatur
1501 701 1613 748 abusus.
1638 703 1800 748 Deceptus
1809 703 1940 748 eratJo-

279 753 385 788 vianus
402 751 439 786 ab
452 751 555 786 aulicis
566 749 770 785 adulatoribus
780 772 790 789 ‚
815 748 994 784 instantibus
1003 748 1283 797 affirmantibusque
1296 771 1307 788 ,
1319 750 1350 785 ni
1363 748 1525 785 confestim
1539 762 1575 784 ex
1590 749 1704 797 Assyria
1717 751 1846 792 rediret,
1861 755 1942 786 Pro:

280 801 409 848 copium
427 813 499 835 cum
511 799 646 834 exercitu
658 799 705 833 cui
715 809 839 846 praeerat
848 823 857 838 ,
884 798 972 834 facile
984 811 1018 833 ac
1031 799 1118 833 certo
1130 811 1176 834 res
1199 807 1384 833 novaturum
1396 822 1406 838 ‚
1429 808 1462 834 ut
1475 799 1576 846 paullo
1588 798 1664 833 infra
1681 800 1866 834 Ammianus
1876 798 1941 847 ipse

280 849 394 884 scribit.
420 849 572 896 Exaebusics
590 861 666 898 ergo
689 848 720 882 in
745 846 857 895 paffiva
877 845 1100 895 significatione
1118 847 1182 888 est,
1209 848 1493 883 malisadulatorum
1507 847 1639 883 consiliis
1651 848 1938 884 meliora&hone·

280 898 372 934 stiora
384 897 546 946 praeferens
559 920 568 937 ‚
593 894 744 944 defhbufi,
773 893 934 944 ditrompc‘:
967 895 1064 945 fitque
1077 909 1114 932 ex
1127 898 1226 944 abusus
1236 919 1246 937 ‚
1268 899 1534 937 utexauc‘loratus‘,
1554 909 1591 932 ex
1603 899 1767 932 auctoratus
1777 925 1788 938 ,
1801 908 1942 932 exarma-

282 958 326 983 tus
337 971 346 987 ,
374 960 411 982 ex
422 957 552 982 armatus
561 970 570 984 ‚
585 956 768 988 exoneratus,
780 958 817 981 ex
828 956 973 982 oneratus.

332 1000 370 1031 In
382 997 462 1031 libro
477 1007 554 1031 xxv1
563 1020 571 1031 .
583 1008 652 1044 pag.
664 996 708 1041 48
717 1007 745 1041 5.
771 1002 813 1030 Ut
823 996 863 1029 ad
873 1007 961 1030 unum
970 994 1190 1042 diffiniuntque
1209 996 1319 1029 exitum
1329 993 1524 1040 circumversio
1534 991 1628 1042 curfiis
1639 995 1730 1029 annui
1741 995 1883 1031 revoluta.
1895 996 1944 1030 Ita

282 1045 381 1080 codex
410 1044 612 1080 Colbertinus
623 1072 631 1084 ‚
659 1047 692 1079 &
715 1043 840 1093 quidem
864 1043 1002 1091 optime.
1034 1046 1081 1078 At
1105 1056 1143 1078 ex
1166 1042 1351 1078 editionibus
1376 1043 1440 1081 aliae
1452 1066 1462 1084 ‚
1485 1043 1680 1090 circumversio
1703 1044 1774 1077 anni
1792 1045 1943 1090 revolueav3

279 1094 346 1129 aliae
359 1117 369 1133 ‚
396 1094 532 1140 conversio
543 1091 640 1140 cursiis
653 1096 722 1128 anni
732 1095 862 1129 revoluta
872 1115 882 1132 ‚
907 1093 1015 1128 minus
1025 1093 1114 1128 bene.

332 1146 370 1178 In
381 1142 494 1176 eodem
506 1142 585 1177 libro
599 1154 668 1190 pag.
685 1154 765 1187 500.
791 1141 830 1176 de
851 1143 1000 1177 Petronio
1010 1141 1144 1178 Patricio
1154 1165 1164 1181 ,
1177 1140 1286 1177 socero
1295 1140 1439 1177 Valentis
1452 1142 1490 1175 A.
1506 1148 1652 1176 Nocentes
1675 1143 1787 1186 pariter
1797 1141 1833 1179 ά
1842 1141 1940 1188 inson-

281 1201 324 1227 tes
346 1190 404 1239 post
413 1191 554 1238 exquifita
565 1201 708 1226 tormenta
717 1192 872 1238 quadrupli
883 1192 996 1226 nexibus
1007 1192 1161 1228 vinciebant
1213 1194 1260 1225 Ita
1277 1191 1352 1239 legit
1365 1193 1401 1227 P.
1413 1190 1553 1226 Pithoeus
1573 1188 1604 1223 in
1627 1188 1737 1223 codice
1747 1189 1919 1226 Valentino
1931 1212 1947 1231 ,ν

281 1251 314 1275 ut
331 1241 367 1275 ad
390 1252 562 1288 marginem
585 1239 747 1274 Ammiani
768 1239 808 1274 sui
827 1241 958 1276 notavit.
985 1241 1147 1289 Ita&eg0
1157 1240 1216 1288 legi
1236 1239 1267 1273 in
1278 1239 1386 1274 codice
1398 1239 1598 1274 Colbertino.
1651 1238 1814 1284 Qadrupli
1827 1241 1952 1276 nexibrae·

283 1290 431 1326 vinciebat
441 1310 451 1327 ,
477 1289 505 1323 id
517 1288 560 1322 est
573 1288 802 1323 condemnabat
818 1289 995 1337 quadrupli,
1027 1300 1060 1324 ut
1071 1301 1126 1323 eos
1136 1289 1263 1324 nudaret
1282 1287 1470 1336 fortunisque
1479 1287 1633 1336 spoliaret.
1661 1291 1706 1321 At
1717 1287 1747 1320 in
1757 1286 1944 1333 editionibus

282 1338 447 1385 reperitur,
475 1338 705 1383 quadruplicibus
717 1337 836 1372 nexibus
846 1339 999 1374 vinciebat.
1051 1341 1131 1386 Qo
1150 1337 1226 1372 nihil
1246 1335 1323 1386 fingi
1343 1337 1444 1385 potest
1465 1335 1639 1372 absurdius:
1665 1334 1746 1385 quafi
1757 1335 1857 1371 miseri
1865 1335 1943 1372 isti}

282 1387 434 1422 Petronio
446 1385 632 1433 quadruplici
645 1384 717 1420 serie
730 1395 904 1420 catenarum
919 1386 1013 1421 vincti
1023 1396 1198 1421 tenerentur
1208 1387 1238 1420 in
1250 1398 1381 1421 carcere.

333 1438 370 1470 In
381 1434 494 1469 eodem
506 1434 586 1468 libro
597 1446 667 1481 pag.
682 1445 762 1479 503.
787 1435 968 1477 eAndrifcus
982 1437 1019 1470 de
1028 1447 1135 1481 genere
1144 1436 1263 1480 quidam
1281 1434 1383 1481 infime
1402 1433 1497 1480 sortis.
1549 1433 1584 1467 ld
1604 1431 1649 1467 est
1661 1454 1670 1470 s
1699 1432 1866 1468 Andriscus
1874 1434 1947 1482 'qui-

283 1483 355 1518 dam
367 1493 455 1517 natus
466 1494 578 1530 genere
591 1481 713 1527 plebeio
723 1509 732 1521 ‚
759 1492 872 1529 genere
884 1479 1000 1515 infimae
1011 1483 1109 1528 plebis
1120 1503 1131 1519 ,
1151 1482 1268 1516 fullone
1277 1482 1411 1528 genitus.
1435 1483 1486 1515 Ita'
1502 1482 1600 1515 codex
1613 1481 1834 1524 Colbertinus;
1860 1482 1901 1517 ita
1912 1485 1946 1518 δι

283 1532 378 1568 editio
390 1531 525 1566 Roberti
538 1529 696 1577 Stephani.
715 1532 760 1563 At
771 1539 879 1563 ceterae
888 1529 1039 1563 editiones
1052 1543 1059 1563 :
1074 1530 1224 1574 Andriscus
1237 1531 1359 1578 degener
1369 1530 1486 1575 quidam
1496 1529 1598 1575 infima
1619 1529 1703 1576 fhrtis
1714 1553 1724 1569 ,
1737 1531 1830 1567 male.
1855 1533 1944 1567 Nam

286 1581 305 1615 fi
319 1581 453 1616 denener
464 1580 524 1614 hoc
539 1580 612 1614 loco
625 1601 635 1619 ‚
661 1576 705 1612 est
716 1577 816 1613 horno
827 1575 945 1613 obscuri
956 1578 1095 1627 generis3
1118 1578 1194 1613 nihil
1205 1590 1282 1625 opus
1292 1575 1347 1611 fuit
1364 1577 1491 1615 addere,
1518 1578 1616 1620 infima
1636 1577 1740 1624 simis:
1767 1578 1848 1627 quod
1860 1579 1945 1615 idem

284 1632 377 1679 plane
389 1629 549 1678 fignificat.

334 1683 372 1714 In
384 1679 496 1714 eodem
511 1677 590 1713 libro
604 1689 676 1726 pag.
691 1687 760 1717 512.
784 1675 823 1710 de
847 1673 1022 1711 Arbetione
1034 1675 1222 1712 Exconsule.
1250 1683 1290 1710 Ut
1311 1674 1537 1721 Constantiniani
1554 1678 1639 1711 Ducis
1665 1673 1839 1712 verecundia*
1851 1683 1946 1712 mices

285 1730 377 1763 animi
387 1729 558 1763 lenirentur.
573 1726 780 1760 Arbetionem
791 1725 891 1761 virum
905 1726 1110 1761 Consularem
1123 1749 1132 1764 ‚
1147 1724 1412 1770 Constantinianum
1426 1723 1562 1759 Ducema
1577 1724 1787 1760 Constantino
1801 1726 1947 1761 Maximo

285 1776 494 1825 cognominat
509 1776 607 1810 codex
633 1773 852 1810 Colbertinus:
877 1786 968 1822 quern
989 1774 1056 1809 libri
1079 1775 1160 1823 typis
1179 1771 1315 1822 impressi
1331 1772 1571 1826 *constantianum
1592 1781 1702 1809 Ducem
1724 1775 1740 1808 ὲ
1754 1772 1946 1810 constantio

287 1824 487 1860 Constantini
499 1823 576 1860 filio.
605 1823 779 1859 SiArbetio
790 1824 839 1872 qui
854 1823 1030 1859 Constantii
1055 1835 1126 1859 ante
1147 1824 1397 1873 quinquennium:
1411 1822 1525 1856 mortui
1547 1823 1623 1857 Dux
1635 1821 1749 1862 fuerat,
1776 1820 1960 1858 annoDo-³

284 1874 361 1909 mini
389 1886 455 1909 ccc.
471 1886 533 1909 va
541 1884 573 1909 1.
598 1874 659 1918 jam
688 1872 779 1907 senex
806 1876 839 1908 &
867 1873 1037 1908 admodum
1065 1884 1154 1909 aetate
1178 1870 1344 1920 prove-'Rus
1363 1880 1447 1915 erat3
1473 1869 1654 1906 hauddubie
1669 1871 1720 1906 sub
1731 1871 1945 1907 Constantino

284 1923 431 1959 Maximo
443 1932 513 1958 ante
525 1936 597 1958 xxx.
613 1934 711 1957 annos
725 1920 873 1957 defuneto
883 1923 996 1957 ducere
1006 1923 1112 1968 copias
1125 1920 1235 1970 potuit.

333 1976 370 2007 In
381 1971 494 2008 eodem
506 1971 584 2007 libro
595 1983 665 2020 pag.
678 1970 744 2006 ead.
773 1968 844 2016 Qci
865 1969 1000 2018 succeffils
1019 1972 1176 2006 alacritate
1202 1971 1303 2006 Valens
1315 1991 1325 2008 ,
1349 1967 1440 2024 castra
1455 1971 1599 2018 promovit
1609 1971 1649 2004 ad
1657 1970 1822 2026 Phrygiam.
1849 1971 1948 2006 Hune

283 2022 426 2056 omniurn
436 2021 607 2056 editionum
619 2033 756 2056 errorem
766 2021 855 2054 unius
867 2020 975 2054 litterae
986 2020 1158 2055 mutatione
1169 2019 1270 2054 codex
1282 2017 1487 2053 Colbertinus
1512 2019 1637 2068 corrigit
1660 2031 1733 2054 eum
1744 2031 1776 2053 in
1789 2019 1921 2054 modum
1934 2018 1957 2055 τ’

283 2069 351 2114 Qc
371 2070 515 2118 sucrensus
526 2073 619 2110 alacr.
633 2078 700 2106 V.c.
711 2080 741 2115 p.
753 2081 785 2107 a.
802 2075 834 2105 Ρ.
861 2069 983 2104 Scilicet
1009 2069 1102 2104 animi
1121 2068 1285 2104 hominum
1308 2066 1446 2102 secundis
1467 2068 1559 2103 initiis
1577 2067 1711 2107 incensi,
1740 2067 1776 2102 ad
1789 2060 1947 2115 proposita

282 2118 473 2166 exsequenda
487 2129 576 2167 atque
584 2117 825 2154 consummanda
837 2117 1012 2153 incitantur„
1042 2121 1160 2154 Valens
1171 2118 1262 2167 igitur
1274 2116 1441 2152 Gomoarii
1452 2117 1486 2152 ad
1501 2115 1531 2152 se
1541 2115 1718 2152 transitione
1733 2117 1945 2164 succensas&

284 2168 412 2203 alacrior
423 2166 518 2202 fastus
528 2178 591 2204 erat
604 2169 639 2205 ad
651 2167 722 2204 belli
735 2167 921 2216 Procopiani
939 2167 1078 2215 reliquias
1091 2166 1321 2217 persequendas.
1347 2167 1430 2203 Eum
1449 2175 1585 2202 errorem
1606 2167 1637 2202 in
1649 2167 1825 2202 Ammiano
1835 2177 1946 2202 emeu-
2000 2181 2002 2184 >

283 2216 631 2314 datlennssgdinleitliilnpag.
658 2278 726 2313 513.
758 2268 906 2314 Procopius
926 2266 1025 2312 silutic
1049 2266 1198 2314 imerclufh
1218 2267 1341 2315 suffugio
1354 2265 1451 2313 i’ersur
1473 2269 1504 2301 in
1528 2268 1626 2313 pedes.
1653 2268 1700 2301 Ita
1712 2263 1779 2301 libri
1791 2263 1875 2301 editi.
1902 2265 1947 2300 At

282 2314 404 2350 codices
419 2315 620 2353 Colbcrtinus
632 2317 663 2351 &
681 2317 866 2354 Valentinus
880 2314 955 2366 teste
967 2320 1002 2354 P.
1017 2316 1147 2354 Pithoeo
1156 2337 1166 2356 ‚
1182 2328 1215 2351 ac
1227 2316 1323 2354 editio
1335 2314 1421 2353 Rob.
1446 2316 1593 2367 „Stephani
1606 2330 1614 2351 τ
1628 2322 1673 2352 Pr.
1683 2316 1790 2363 fiducie
1798 2313 1952 2363 intercluso

2002 2302 2007 2310 κ
