2007 2658
108 102 212 126 consa*
219 103 279 124 Aur
287 102 337 125 ius
348 97 421 122 Aue.
430 94 529 120 Eusebio
537 94 563 120 &

132 128 531 165 „y22110fflff0i2.,„.
832 93 1097 142 L1B.X1X.
1127 99 1271 146 CAP.
1288 101 1368 148 lx.
1596 119 1683 165 241

25 174 174 217 fidiaria
194 175 208 199 ⁷
220 172 326 217 duo,
355 176 371 195 z
384 167 590 210 Maride&
601 165 730 208 Lorne
741 193 754 214 ,
783 165 1032 208 introiturum
1048 169 1203 212 Nisibin
1224 176 1378 214 occulte
1388 175 1556 226 dimisis,
1582 192 1690 219 man-

13 232 120 274 datis
131 227 354 283 arcanisque
366 227 454 266 vitae
465 223 674 264 secretioris
690 224 873 264 maritum
893 237 1055 265 exorans
1067 252 1079 271 ‚
1108 236 1152 265 ut
1164 229 1304 269 auditis
1327 246 1415 285 quoe
1426 236 1660 285 contigerint
1669 264 1682 283 ,

20 288 165 330 veniret
187 285 314 326 secum
327 281 436 323 beate
447 280 627 321 victurus.
659 280 811 334 Qubus
825 291 1029 321 contentus
1043 283 1250 335 expeditus
1272 287 1398 327 viator
1410 316 1423 335 ,
1453 304 1521 343 per
1535 278 1687 335 ‘saltuo-

14 343 81 384 ³sos
93 343 260 384 tramites
271 345 310 381 &
322 337 484 378 frutesta
497 335 539 376 N
544 335 652 377 ifibin
669 336 836 391 paffibus
858 337 944 378 citis
954 337 1135 392 ingressus
1147 366 1160 385 ‚
1189 340 1438 396 causatusque
1459 345 1496 385 se
1523 347 1685 388 domina

15 382 208 454 lnusquam
226 394 331 441 visa,
362 397 400 433 &
414 391 571 433 forfitan
595 394 828 448 interempta
841 421 854 441 ‚
882 393 974 434 data
993 394 1184 435 evadendi
1204 397 1320 450 copia
1334 398 1461 440 castris
1477 401 1683 444 hostilibus

16 449 221 500 labsceffisse
232 479 245 498 ,
272 454 312 491 &
325 449 416 489 ideo
426 460 471 489 ut
483 449 567 490 vilis
579 449 772 504 neglectus
787 482 804 498 ,
836 450 953 490 docet
966 451 1221 505 Craugasium
1233 452 1355 506 gesta:
1392 457 1565 510 moxque
1576 473 1685 499 acce-

16 506 18 553 Ι
50 521 88 550 ta
110 508 211 553 fide,
244 505 356 561 quod
378 504 406 545 fi
424 505 515 546 tuto
527 506 701 554 licuerit,
727 505 906 561 sequetur
917 509 1123 562 conjugem
1135 508 1253 548 libens
1265 537 1278 556 ,
1308 508 1426 549 evasit
1451 524 1684 566 exoptatum

59 565 166 606 ulieri
183 563 361 604 nuntium
373 561 496 602 ferens
511 577 520 602 ε
551 576 639 616 quae
656 562 732 602 hoc
743 564 904 618 cognito
917 590 930 610 ,
962 564 975 589 3
997 577 1065 618 per
1077 564 1360 619 Tamsaporem
1372 567 1526 607 Ducem
1537 569 1684 623 suppli-

43 630 171 663 averat
184 620 313 674 Regi,
342 628 387 658 ut
397 618 424 658 fi
435 618 590 659 daretur
600 618 762 659 facultas
774 650 791 667 ,
819 630 1027 674 antequam
1038 620 1226 661 Romanis
1236 623 1438 663 excederet
1449 623 1589 665 finibus
1605 652 1617 671 ,
1644 627 1683 666 in

47 676 244 719 otestatem
256 674 361 716 suam
368 675 520 729 juberet
533 676 726 730 propitius
739 676 921 715 maritum
933 675 1102 716 adscisci.
1131 677 1274 719 Praeter
1284 678 1390 732 spem
1400 680 1534 735 itaque
1556 683 1684 721 omni-

43 748 83 775 m
105 733 272 789 digresso
293 732 439 772 advena
453 732 652 784 repentino
663 759 676 778 ,
707 733 778 784 qui
797 737 811 754 ²²
824 731 1061 785 postliminio
1073 734 1239 774 reversus
1250 763 1262 783 ‚
1292 735 1415 776 statim
1429 736 1504 777 fine
1516 736 1630 778 ullius
1644 752 1683 777 e-

0 821 1 824 =
43 791 151 832 anuit
171 788 427 834 conscientia,
456 787 650 841 perculsus
665 794 681 819 9
694 786 908 842 suspicione
920 789 1015 829 Dux
1027 788 1227 831 Caffianus
1239 824 1256 840 ,
1283 792 1605 848 praesidentesque
1624 795 1681 836 ibi

0 863 7 892 ς
49 860 194 888 roceres
215 846 301 892 alii,
330 844 548 884 minitantes
562 844 699 884 ultima
710 843 966 898 Craugasium
977 845 1205 888 incessebant
1216 875 1229 895 ,
1260 861 1336 889 non
1349 849 1424 889 fine
1436 852 1514 904 ejus
1536 850 1678 891 volun-

0 893 13 957 }
32 912 96 944 ate
115 902 178 944 vel
196 900 356 947 venisse,
384 899 446 940 vel
456 900 569 940 abisse
589 900 785 941 hominem
806 901 1055 942 clamitantes.
1108 909 1117 927 ¹
1177 904 1216 943 ui
1236 905 1470 959 proditionis
1501 918 1676 947 metuens

0 981 6 1002 2
39 951 158 1000 rimen
172 985 185 1006 ,
216 956 497 1012 impendioque
520 956 703 997 sollicitus
724 984 737 1006 ‚
767 971 813 997 ne
834 957 1055 999 transitione
1074 959 1249 1014 perfugae
1272 976 1371 1002 uxor
1391 964 1471 1017 ejus
1492 963 1678 1018 superesse

23 1060 24 1064 ,
44 1025 219 1056 oceretur
229 1041 243 1062 ,
270 1017 308 1054 &
321 1012 673 1067 traetaripiiflime3
703 1027 771 1068 per
782 1012 1063 1055 simulationem
1084 1018 1374 1059 matrimonium
1387 1021 1539 1061 alterius
1551 1019 1680 1074 splen·

22 1071 122 1138 βὶἀεε
145 1070 303 1125 virginis
324 1069 547 1111 adfectavit.
591 1070 644 1110 Et
654 1070 760 1111 velut
772 1082 973 1123 paraturus
991 1071 1191 1113 necessaria
1209 1076 1393 1116 convivio
1415 1077 1605 1130 nuptiali,
1635 1090 1679 1115 e-

19 1139 22 1150 ’
48 1126 159 1168 tessus
180 1127 229 1167 ad
240 1125 370 1167 viilam
383 1125 524 1166 o&avo
534 1125 663 1180 lapide
675 1126 723 1166 ab
733 1127 827 1166 urbe
845 1127 1047 1168 distantem
1064 1155 1077 1175 ‚
1105 1135 1121 1153 2
1132 1131 1289 1169 concito
1302 1144 1404 1184 equo
1417 1133 1467 1172 ad
1480 1131 1679 1172 Persarum

23 1141 268 1228 &astatorium
289 1182 473 1236 globum,
504 1195 621 1235 quem
648 1182 835 1223 didicerat
856 1184 1091 1231 adventare,
1119 1185 1319 1240 confugit:
1350 1185 1619 1243 susceptusque
1637 1202 1679 1227 a·¹

44 1248 148 1279 enter
161 1266 174 1286 ,
204 1239 273 1293 qui
293 1237 383 1278 esset
402 1237 507 1277 exiis
519 1240 698 1292 cognitus
710 1252 798 1293 quae
809 1239 1042 1294 loquebatur
1055 1268 1065 1285 ‚
1098 1241 1109 1265 3
1128 1242 1362 1296 Tamsapori
1383 1244 1470 1298 post
1481 1245 1584 1285 diem
1597 1256 1680 1285 tra-

8 1253 122 1350 *litut
139 1295 340 1349 quintum:
370 1293 520 1350 perque
539 1308 630 1335 eum
642 1295 746 1353 Regi
769 1295 946 1340 *oblatus
962 1324 975 1345 ‚
1003 1297 1145 1353 opibus
1156 1302 1194 1340 ὅτ.
1208 1298 1480 1341 necessitudine
1499 1302 1607 1342 omni
1619 1314 1676 1341 re-

57 1412 78 1437 7·
91 1404 139 1441 Mst
153 1404 327 1433 Duomaride.
366 1406 379 1432 8
400 1405 446 1440 Ms.
464 1414 512 1442 per
520 1413 571 1433 tam
580 1405 708 1442 saporem.
745 1416 762 1442 9
782 1407 831 1445 Ms?
856 1416 920 1436 eum
937 1407 1028 1436 locum
1044 1407 1077 1436 de
1090 1408 1258 1445 postliminii-³
1274 1410 1425 1441 incidimus,
1447 1419 1526 1447 pauca
1541 1411 1574 1439 de
1588 1411 1677 1438 veteri

29 1443 181 1469 sermione.
224 1451 233 1468 1
258 1442 302 1469 Al.
322 1442 377 1476 Q
392 1441 459 1469 vero
470 1443 548 1479 prod.
587 1452 602 1468 2
621 1443 668 1478 Mfi
684 1447 791 1472 concito
805 1455 832 1472 e-
859 1447 928 1482 Jure
943 1444 1072 1472 adnorare
1088 1447 1177 1481 placet.
1205 1447 1346 1474 Sciendum
1362 1450 1444 1481 igitur
1452 1448 1504 1478 est,
1523 1448 1590 1485 apud
1600 1455 1676 1477 vete—

32 1487 86 1513 ῑαο.
126 1486 138 1511 3
161 1478 207 1514 Ms.
217 1487 270 1506 tam
280 1478 372 1513 sapori.
410 1489 428 1512 4
447 1480 491 1506 Al.
501 1480 596 1507 ablatis.
860 1491 902 1509 res
910 1482 1101 1518 postliminium
1110 1485 1136 1509 in
1146 1492 1179 1509 eo
1189 1483 1278 1510 locum
1287 1484 1401 1511 habuisse
1413 1504 1420 1513 ‚
1440 1487 1521 1520 quiin
1530 1487 1603 1512 aziam
1610 1486 1676 1512 civi-

861 1526 942 1545 tatem
951 1519 1058 1544 liberam
1066 1537 1073 1548 ‚
1092 1527 1137 1546 aut
1146 1519 1302 1545 foederatam
1313 1520 1365 1546 sese
1374 1521 1503 1548 dicaverat
1511 1540 1518 1550 ,
1540 1522 1594 1548 siin
1604 1522 1677 1549 sunm

857 1556 989 1581 civitatem
1004 1554 1094 1588 postea
1103 1555 1189 1581 redire
1201 1555 1280 1581 vellet
1292 1568 1299 1587 5
1320 1564 1350 1582 ut
1360 1557 1493 1591 eleganter
1503 1557 1617 1593 disputat
1628 1559 1677 1584 Ci-

857 1599 919 1618 cero
937 1600 986 1626 pro
1003 1591 1091 1617 Balbo.
1119 1593 1223 1618 Dicatio
1237 1600 1326 1618 autem
1342 1593 1384 1620 illa
1392 1594 1423 1620 de
1431 1596 1559 1621 Romanis
1570 1593 1675 1621 tantum

856 1627 957 1655 civibus
970 1627 1138 1662 intelligenda
1152 1628 1204 1658 est,
1223 1630 1270 1663 qui
1287 1628 1400 1657 duarum
1408 1630 1482 1658 simul
1493 1634 1630 1659 civitatum
1638 1634 1676 1658 ci-

858 1673 903 1692 ves
911 1664 961 1701 esse
970 1673 1026 1691 non
1036 1673 1161 1700 poterant
1172 1678 1179 1698 3
1190 1665 1323 1693 utibidem
1333 1666 1411 1694 docet
1421 1669 1533 1695 Tullius.
1559 1670 1675 1694 Verum-

857 1709 944 1728 tamen
955 1702 1082 1728 Ciceroni
1091 1711 1147 1729 non
1157 1703 1296 1729 assentitur
1305 1704 1436 1731 Proculus
1451 1707 1477 1731 in
1488 1705 1544 1739 lege
1555 1714 1576 1736 7.
1597 1707 1630 1731 D.
1639 1705 1684 1731 de·

858 1746 925 1773 capt.
944 1738 1093 1773 &postlim.
1122 1741 1178 1765 Non
1191 1738 1290 1767 dubito,
1310 1741 1415 1776 inquit,
1435 1744 1496 1777 quin
1506 1741 1627 1776 flederati
1637 1739 1672 1771 ἐφ’

856 1775 928 1801 liberi
936 1774 1004 1801 nobas
1017 1777 1115 1801 externi
1115 1774 1184 1811 fint:
1205 1784 1250 1801 non
1259 1780 1417 1804 tumens-'nter
1433 1785 1558 1814 nos-atque
1567 1777 1673 1812 pospost‘-

857 1812 982 1838 liminium
999 1809 1052 1846 effi.
1078 1813 1177 1838 Etenim
1191 1811 1255 1847 quid
1268 1814 1333 1838 inter
1341 1823 1383 1840 nos
1397 1820 1473 1850 atqve
1481 1814 1673 1850 easpost'lz'nmn'o

858 1855 915 1884 opus
928 1847 960 1883 est
969 1867 975 1877 ,
994 1848 1050 1875 crim
1060 1846 1137 1878 &illi
1145 1848 1213 1883 apud
1224 1858 1266 1874 7105
1272 1847 1428 1881 libertatem,
1449 1848 1676 1880 &damviam-12«

33 1525 814 1542 Ἢ

33 1540 265 1581 =crtingereth11s1
284 1550 357 1576 brevi
370 1551 474 1578 discidio
492 1561 640 1586 utrumque
656 1562 777 1580 montem
788 1562 832 1579 na-

33 1591 80 1610 ura
95 1583 270 1617 disjunxisset.
289 1588 428 1614 Arzamon
437 1596 525 1615 autem
536 1587 636 1615 fluvius
645 1590 675 1615 ad
683 1590 763 1623 pedes
773 1591 831 1615 Iza-

33 1629 50 1646 κ
73 1620 241 1655 praeterfluit.
279 1624 360 1650 Mons
376 1624 431 1660 ipse
448 1626 512 1652 vino
529 1632 609 1660 atque
626 1627 746 1652 omnium
772 1627 831 1652 fru-

34 1656 117 1683 tuum*
128 1665 224 1693 genere
237 1659 367 1690 abundat,
389 1661 574 1689 &incolarum
590 1661 765 1689 multitudine
778 1663 832 1689 fre-

31 1688 167 1755 Luentatur
175 1713 182 1725 ‚
201 1703 231 1722 ut
239 1696 329 1731 prodit
337 1697 554 1735 TheophylaCtus
561 1700 709 1726 simocatta
716 1701 744 1726 in
751 1699 795 1726 lib.
805 1707 828 1725 z.

52 1731 108 1756 itio.
125 1729 207 1765 ‘Valefi

58 1773 75 1791 z
96 1766 200 1802 Castellq
213 1766 268 1798 dua,
290 1769 389 1797 Maride
405 1767 439 1800 (θ’
453 1773 563 1808 Lorne]
585 1773 736 1808 Procopius
752 1773 778 1799 in
788 1772 829 1799 lib.

14 1807 26 1832 ξύ
40 1821 46 1827 .
63 1801 95 1828 de
104 1802 379 1840 aedificiisJustiniani‚
399 1809 496 1843 σμάρθις
510 1820 534 1834 τε
549 1811 646 1844 &misam
660 1812 781 1837 nominat
790 1819 831 1836 ca-

0 1844 25 1865 se
46 1837 93 1864 ella
109 1838 154 1865 sita
171 1842 197 1866 in
211 1842 320 1872 itinere,
341 1844 415 1879 quod
430 1845 467 1871 est
477 1847 558 1872 Daras
573 1848 644 1872 inter
662 1847 689 1874 &
699 1846 829 1875 Amidam.

0 1869 26 1904 ιὶ
49 1874 240 1912 heophylae‘tus
255 1880 280 1905 in
295 1879 334 1906 lib.
345 1888 369 1906 2.
388 1883 415 1907 τὸ
428 1883 511 1916 μα’ρόυς
525 1890 619 1911 vocat,
638 1881 722 1918 idque
739 1883 829 1910 castel-

52 1920 78 1937 m
94 1914 121 1937 in
136 1912 239 1940 dioecesi
257 1916 403 1943 Amidensis
414 1918 534 1954 Episcopi
549 1919 625 1946 fuisse
640 1919 735 1947 scribit.
757 1919 830 1947 Idem

0 1951 12 1998 l
44 1985 47 1990 Ι
58 1947 99 1998 lib.
111 1956 132 1989 3.
150 1950 175 1976 &
188 1958 210 1981 5.
230 1954 315 1986 μα’ρςὴς
329 1952 452 1988 appellat,
472 1956 498 1981 ὃς
507 1955 537 1981 ab
547 1956 612 1998 urbe
622 1957 704 1982 Daras
713 1957 830 2000 parasan—

0 2177 3 2192 ι
58 2175 74 2193 a
90 2166 390 2209 Postliminiareverfiu.]
413 2174 521 2200 Notum
529 2173 566 2201 est
577 2174 683 2203 servum
694 2178 775 2213 quiin
783 2177 831 2204 ho-

1 2211 3 2221 ⁴
47 2203 100 2230 ium
115 2205 271 2246 potestatem
290 2211 425 2244 pervenit,
446 2209 464 2236 fi
479 2210 511 2236 ad
527 2210 590 2238 suos
606 2212 696 2249 postea
708 2213 831 2245 redierit,

4 2244 28 2265 w
53 2245 122 2266 verti
134 2249 161 2282 ¹.¹¹
170 2242 228 2276 ejus
235 2244 393 2279 potestatem
408 2247 486 2279 cujus
495 2255 570 2274 antea
576 2248 680 2279 fuerat,
699 2250 831 2286 idqueju-

64 2274 231 2313 postliminii,
250 2289 281 2310 ut
297 2281 385 2311 scribit
398 2283 488 2312 AElius
503 2284 605 2313 Gallus.
624 2286 675 2314 Sed
685 2287 792 2325 quando
799 2289 828 2317 in

858 1895 913 1912 rum
920 1885 1021 1917 [aarum
1035 1894 1101 1921 aeque
1110 1891 1185 1921 atque
1196 1884 1295 1920 apna'fi’
1304 1888 1430 1914 retineant
1440 1905 1446 1915 ‚
1468 1885 1503 1917 ἐφ
1510 1887 1594 1914 eiust-m
1604 1887 1683 1913 uehis-¹

857 1921 924 1956 apud
937 1931 976 1948 eos
991 1924 1151 1956 contingant?
1174 1921 1224 1948 Sed
1234 1921 1351 1950 Proculo
1369 1924 1524 1959 responderi
1540 1923 1611 1951 facile
1621 1932 1673 1958 ρο-

857 1958 907 1985 test
924 1977 931 1988 ‚
950 1959 1068 1985 retinere
1080 1959 1187 1994 quidem
1203 1961 1339 1993 integrum
1354 1959 1398 1992 jus
1414 1960 1541 1987 libertatis
1555 1978 1562 1988 ‚
1587 1963 1671 1986 amitti

821 2011 833 2016 —
858 2003 944 2022 tamen
958 1997 1106 2023 civitatem,
1128 1995 1146 2022 fi
1165 1995 1238 2021 verbi
1254 1996 1338 2029 gratia
1347 1999 1411 2024 civis
1419 1998 1559 2024 Romesse
1568 1996 1681 2023 definit:

795 2031 798 2035 '
820 2047 831 2051 —
860 2033 885 2058 Is
896 2031 1134 2068 posteafiRomam
1151 2031 1280 2060 rediisset,
1298 2033 1359 2065 jure
1374 2033 1524 2069 postliminii
1538 2034 1673 2060 civitatem

820 2086 832 2091 -
859 2069 1042 2104 recuperabat,
1062 2076 1094 2095 ut
1108 2076 1207 2104 praeter
1222 2069 1382 2096 Ciceronem
1391 2069 1470 2097 docet
1479 2070 1567 2097 AElius
1576 2070 1671 2097 Gallus

857 2107 884 2133 in
894 2106 937 2132 lib.
952 2115 972 2132 ι.
986 2104 1070 2140 fignif.
1081 2114 1140 2141 quae
1150 2104 1230 2138 adjus
1239 2107 1390 2139 pertinent:
1411 2106 1573 2141 Cmnpopzdis
1586 2106 1680 2133 liberis.

860 2139 895 2172 (T
901 2141 1088 2177 cumsaederatts
1095 2161 1102 2171 ‚
1117 2139 1152 2172 ἐν
1158 2151 1212 2168 cum
1220 2139 1317 2176 regibus
1321 2143 1498 2177 postliminium
1507 2142 1574 2169 nobi-'5
1582 2143 1615 2177 εζβ
1622 2145 1672 2172 ita,

859 2181 898 2206 uti
905 2188 960 2206 cum
966 2177 1080 2214 hqlt‘ibus.
1099 2179 1167 2213 Qae
1181 2178 1261 2204 verba
1270 2178 1353 2205 refert
1364 2179 1456 2207 Festus
1465 2181 1492 2206 in
1502 2187 1527 2205 v,
1545 2179 1670 2214 Postlimi-

860 2225 938 2243 mum.
959 2214 1009 2242 Sed
1026 2214 1207 2241 fitendumest
1217 2231 1224 2242 ,
1246 2214 1336 2241 saltem
1349 2215 1407 2252 post
1417 2216 1539 2243 Edfflum
1550 2216 1669 2242 Caracal-

859 2251 892 2279 lae
907 2260 964 2287 quo
982 2250 1106 2277 omnibus
1120 2253 1147 2277 in
1163 2251 1228 2277 orbe
1243 2252 1323 2278 Rom.
1338 2253 1475 2288 agentibus
1488 2254 1578 2282 civitas
1595 2252 1668 2282 data,

858 2288 910 2317 hoc
915 2289 977 2323 jure
985 2281 1138 2322 postliminii
1146 2296 1215 2324 opus
1225 2296 1282 2316 non
1290 2287 1373 2318 fuisse.
1392 2288 1469 2329 Idem:

994 2323 1082 2366 Hh
