2007 2658
295 138 391 185 720
736 125 1584 173 EXCERPTA

298 206 401 259 gavit
414 206 498 257 quis
511 200 605 243 esset
621 213 727 256 :quae
741 199 942 256 respondit
955 197 1029 240 esse
1040 199 1144 240 suum
1161 200 1294 240 filium.
1320 202 1383 241 At
1396 200 1457 241 ubi
1469 203 1664 256 comperit
1677 196 1752 240 effe
1771 199 1889 242 filium
1913 215 1953 243 e-

297 264 360 311 jus
375 289 384 303 ‚
406 262 525 314 coepit
539 271 715 314 repetere
724 270 824 298 arras
838 262 876 300 ὃ(
888 256 1038 297 dicere:
1052 259 1140 297 Aut
1154 269 1248 312 nega
1261 255 1381 296 filium
1399 269 1505 297 tuum
1519 256 1594 297 esse
1608 284 1619 302 ,
1641 267 1706 297 aut
1726 258 1816 297 vere
1829 257 1955 299 absce—
1977 291 1984 300 .

302 314 356 355 do
370 315 468 356 hinc·
500 316 640 356 Mulier
651 313 899 369 compellitur
910 313 955 352 ab
968 312 1109 367 sponso
1125 341 1134 356 ‚
1163 316 1333 367 &coepit
1343 326 1481 369 negare
1494 313 1614 354 filium
1625 325 1740 367 quem
1757 312 1834 368 ipsa
1860 317 1950 355 ante
1967 323 1989 359 ,-.‘

300 369 468 412 confessa
482 371 546 416 est,
559 377 596 413 ὃς
610 370 750 412 dicere:
765 368 1028 421 Vadejuvenis
1039 368 1088 408 de
1099 367 1221 408 domo
1235 373 1422 423 mea‚quia
1434 373 1674 426 peregrinum
1688 380 1728 409 te
1738 368 1894 424 suscepi.
1908 370 1957 411 11-
1969 369 1982 410 ⁴.

301 427 339 468 le
351 431 452 468 enim
464 427 616 468 dicebat
629 423 828 484 regresfiim
843 425 880 464 se
892 424 938 463 ad
953 436 1116 464 matrem
1130 427 1167 464 in
1181 423 1340 465 domum
1349 429 1469 480 patris
1482 426 1546 465 sui.
1569 425 1676 481 Qid
1688 425 1830 467 multa?
1852 427 1953 468 Dum

301 483 381 524 haec
393 495 555 539 aguntur
565 512 576 531 ‚
609 482 708 524 filius
721 484 870 537 rogavit
885 483 1026 535 Regem
1042 479 1220 522 adversus
1232 493 1395 522 matrem
1408 511 1419 530 ‚
1449 495 1562 536 quam
1576 484 1656 524 Rex
1667 481 1772 535 juffit
1795 486 1834 522 in
1862 496 1956 523 con·
1991 478 1997 483 '

301 538 438 594 speetu
460 540 528 581 suo
551 539 632 581 sisti.
671 540 744 579 Cui
768 544 805 580 δε
833 537 956 576 dixit:
984 536 1125 576 Mulier
1144 566 1154 581 ‚
1191 537 1293 578 filius
1314 549 1403 578 tuus
1428 537 1607 579 adversus
1632 550 1672 579 te
1696 552 1739 579 ro
1767 551 1830 584 at,
1862 535 1956 593 quid
1978 587 1979 590 Ἴ

303 595 421 638 dicis?
442 597 494 638 est
504 595 604 636 filius
618 598 720 634 tuus?
733 607 779 632 an
793 596 901 633 non?
933 593 1030 648 Qae
1044 591 1141 633 dixit
1171 612 1180 634 :
1201 596 1297 635 Non
1317 593 1370 634 est
1391 608 1498 635 meus
1518 593 1618 635 filius
1639 613 1651 645 3
1693 594 1730 634 se
1787 598 1955 650 peregri-

304 665 396 693 num
408 651 563 706 suscepi.
599 654 647 690 Et
670 649 758 689 dum
774 662 844 703 per
864 648 1042 689 ordinem
1065 653 1195 691 omnia
1214 650 1316 690 filius
1339 652 1510 691 mulieris
1548 647 1754 691 intimasset
1787 654 1826 690 in
1862 652 1961 690 auri-

303 707 375 750 bus
397 709 509 764 Regis
534 736 544 753 ,
575 706 669 746 dicit
696 704 844 745 mulieri
863 704 994 745 denuo
1019 724 1028 746 :
1059 704 1122 746 Est
1143 705 1245 747 filius
1270 713 1380 748 tuus.>
1405 713 1565 748 annon?
1596 719 1679 761 quae
1701 706 1798 747 dixit
1820 724 1830 746 ε
1864 708 1960 748 Non

303 762 356 804 est
381 763 480 804 filius
507 774 625 802 meus.
656 763 761 802 Dicit
784 764 817 801 ei
840 763 938 802 Rex:
963 765 1013 802 Et
1032 774 1115 818 quat
1136 763 1188 804 est
1208 762 1367 804 facultas
1387 776 1451 805 tua
1471 792 1483 812 ,
1513 764 1680 804 mulier?
1711 775 1793 818 quae
1805 762 1965 818 respon-

304 819 364 860 dit
391 838 398 858 2
423 818 553 872 Usque
571 817 618 859 ad
640 817 746 858 mille
769 816 926 858 solidos.
959 821 1008 858 Et
1039 827 1055 855 ‘1
1077 829 1159 859 tum
1182 819 1281 860 aliud
1306 818 1345 859 se
1370 822 1452 861 Rex
1477 835 1559 861 non
1580 818 1656 861 effe
1687 817 1876 860 facturum
1898 817 1964 859 sub
1984 849 1987 852 -

295 874 560 928 jusjurandum
573 873 771 929 pollicitus
783 873 836 914 est
848 903 856 918 ‚
889 873 957 914 nisi
970 872 1091 928 ipsum
1101 875 1215 915 alium
1228 889 1309 916 non
1322 880 1515 931 acciperet
1529 880 1720 918 maritum.
1744 878 1857 916 Tunc
1867 888 1967 916 con-

302 930 379 971 fusa
397 929 450 970 est
462 930 597 971 mulier
610 960 619 976 ,
654 935 692 972 &
703 927 872 971 confessa
888 929 941 970 est
953 929 1057 970 suum
1070 928 1146 971 esse
1156 931 1289 972 filium.
1317 932 1417 973 Sunt
1438 936 1520 985 ejus
1533 939 1572 974 &
1588 933 1710 974 multa
1721 932 1802 973 alia.
1834 931 1969 974 Postea

302 988 398 1028 vero
411 990 562 1042 accepit
572 999 732 1027 uxorem
747 986 795 1030 de
808 988 958 1027 Francis
969 990 1129 1028 nomine
1141 986 1412 1044 Augossadam.
1444 991 1546 1030 Nam
1562 1002 1723 1029 uxorem
1736 988 1868 1028 habuit
1877 999 1971 1029 ante

303 1056 461 1099 regnum
473 1072 484 1091 ‚
505 1042 554 1084 de
565 1057 640 1099 qua
650 1043 866 1098 susceperat
878 1042 997 1083 filias:
1028 1055 1042 1071 r
1062 1056 1176 1083 unam
1188 1043 1297 1084 dedit
1310 1048 1471 1084 nomine
1483 1048 1684 1100 Arevagni
1697 1045 1860 1086 Alarico
1873 1045 1970 1100 Regi

302 1098 402 1141 Wifi
416 1099 610 1141 'otharum
622 1103 660 1140 in
673 1099 821 1151 Gallia;
844 1104 882 1142 &
903 1099 1013 1140 aliam
1034 1099 1151 1140 filiam
1163 1098 1265 1141 suam
1278 1099 1608 1157 Theodegotham
1621 1099 1868 1155 Sigismundo
1882 1099 1967 1140 filio

304 1157 397 1197 Gun
428 1155 511 1197 ebai
531 1159 658 1213 Regis.
691 1155 708 1183 s
726 1156 840 1197 facta
860 1169 954 1211 pace
974 1169 1062 1197 cum
1085 1155 1290 1197 Anastafio
1305 1158 1547 1212 Imperatore
1568 1169 1639 1213 per
1649 1155 1797 1196 Festum
1809 1154 1860 1196 de
1871 1167 1967 1210 prae-

301 1211 526 1268 sumptione
539 1215 666 1269 regni,
692 1216 731 1255 &
741 1216 872 1253 omnia
884 1224 1112 1254 ornamenta
1124 1212 1280 1258 Palatii,
1310 1226 1393 1269 quae
1406 1213 1618 1255 Odoachar
1626 1212 1966 1267 Constantinopo-

303 1267 370 1309 lim
384 1268 644 1310 transmiserat
656 1298 666 1315 ,
697 1271 875 1310 remittit.
906 1268 1057 1310 Eodem
1069 1280 1250 1324 ternpore
1262 1272 1432 1311 intentio
1443 1283 1531 1311 orta
1545 1269 1649 1311 estin
1659 1269 1754 1310 urbe
1766 1270 1892 1309 Roma
1905 1271 1965 1308 in-

303 1335 366 1365 ter
388 1325 665 1381 Symmachum
687 1330 725 1368 &
749 1327 1006 1367 Laurentium.
1039 1325 1272 1368 Consecrati
1294 1329 1397 1367 enim
1418 1325 1569 1368 fuerant
1589 1326 1712 1367 ambo.
1746 1323 1968 1366 Ordinante

302 1381 395 1422 Deo
415 1384 481 1437 qui
501 1395 551 1422 eo
573 1381 709 1438 dignus
720 1380 816 1434 fuit,
839 1382 1033 1438 superavit
1044 1381 1313 1439 Symmachus.
1344 1383 1436 1426 Post
1446 1382 1546 1425 fasta
1558 1396 1651 1438 pace
1662 1385 1700 1423 in
1711 1381 1819 1424 Urbe
1834 1379 1967 1424 Eccle-

304 1435 365 1478 fiae
381 1465 392 1484 ,
420 1437 628 1480 ambulavit
642 1440 723 1479 Rex
731 1437 1001 1480 Theodericus
1011 1440 1175 1482 Romam
1188 1468 1198 1487 ‚
1231 1444 1270 1481 &
1282 1443 1451 1481 occurrit
1464 1442 1504 1481 Β.
1518 1442 1638 1481 Petro
1649 1437 1914 1481 devotissimus
1923 1450 1967 1479 ac

304 1491 333 1534 fi
347 1493 591 1535 Catholicus.
605 1495 678 1535 Cui
691 1497 792 1550 Papa
802 1494 1073 1551 Symmachus,
1089 1501 1127 1538 &
1140 1495 1301 1536 cunctus
1313 1497 1491 1543 senatus,
1502 1497 1564 1540 vel
1576 1495 1744 1552 populus
1756 1496 1870 1537 Rom.
1880 1506 1968 1535 cum

306 1554 418 1590 omni
447 1549 587 1607 gaudio
618 1562 727 1592 extra
752 1550 900 1592 Urbem
922 1563 1187 1594 occurrentes.
1220 1551 1375 1594 Deinde
1395 1556 1556 1595 veniens
1579 1549 1762 1610 ingressus
1793 1550 1964 1596 Urbem.

305 1609 417 1647 venit
439 1606 485 1647 ad
499 1608 686 1648 Senatum
700 1637 709 1653 ‚
725 1613 764 1651 &
793 1616 805 1635 t
830 1608 878 1650 ad
899 1609 1069 1662 Palmam
1090 1608 1241 1663 populo
1253 1608 1458 1651 adlocutus
1471 1640 1481 1655 ‚
1513 1609 1552 1650 se
1565 1612 1697 1650 omnia
1710 1609 1967 1660 Deojuvante

307 1661 415 1717 quod
437 1674 544 1703 retro
567 1664 764 1718 Principes
786 1665 950 1704 Romani
971 1663 1272 1710 ordinaverunt,
1302 1666 1577 1707 inviolabiliter
1607 1664 1841 1707 servaturum
1902 1675 1967 1702 ro-

308 1720 444 1759 mittit.
475 1728 490 1744 v
513 1719 587 1759 Per
620 1719 872 1761 tricennalem
906 1720 1146 1774 triumphans
1167 1720 1318 1774 populo
1344 1720 1524 1776 ingressus
1547 1720 1756 1768 Palatium,
1783 1675 1969 1760 exhibens

308 1783 363 1810 ορ.
377 1781 419 1808 3.]
440 1773 520 1809 Valefi
1157 1784 1351 1803 commemorat
1361 1785 1440 1803 vetus
1452 1777 1557 1804 Αιιᾶοι-
1567 1779 1592 1804 in
1603 1779 1662 1804 Vita
1671 1779 1698 1804 S.
1716 1777 1910 1812 Fulgenriicap.
1926 1783 1964 1808 ¹3·

346 1820 363 1847 q
386 1813 419 1838 Et
426 1810 485 1839 dum
497 1809 622 1847 aliudfise
628 1821 674 1838 non
686 1810 730 1848 ‘'ffi'
738 1811 895 1849 famo-um]
919 1812 1004 1846 Lege,
1022 1810 1057 1842 (Ὺ
1071 1818 1124 1838 tum
1159 1815 1283 1847 contigit.
1302 1819 1331 1840 ut
1339 1816 1366 1840 Β.
1374 1813 1517 1849 Fulgentius
1525 1817 1552 1841 in
1560 1814 1608 1841 loco
1615 1814 1760 1851 quid’alma
1767 1822 1847 1842 aurea
1859 1812 1967 1842 dicitur.

310 1847 395 1879 aliud.
411 1845 467 1879 &a
487 1848 577 1875 Simile
585 1848 712 1883 judicium
720 1849 825 1876 Claudii
836 1848 950 1884 Augusti
961 1849 1044 1875 refert
1059 1850 1124 1876 Suc-
1157 1855 1290 1876 memorato
1299 1849 1442 1877 Theoderico
1451 1849 1785 1886 Regeconcionemfitciente,
1806 1853 1876 1877 Rom.
1885 1850 1969 1876 Curie

308 1887 404 1913 tonius
413 1887 440 1912 in
448 1885 564 1914 Claudio
574 1903 581 1914 ‚
597 1894 652 1921 cap.
663 1895 700 1918 ¹5-
720 1885 796 1914 Idem.
1155 1884 1328 1914 nobilitatem,
1347 1886 1434 1916 ἄρτια,
1455 1887 1610 1924 ordinemque
1623 1887 1743 1924 diffinitis
1756 1888 1867 1916 decorum
1876 1883 1966 1923 grad!-

348 1931 362 1949 ι·
380 1923 465 1950 Unam
473 1925 569 1950 nomine
578 1925 744 1960 Arevagni.]
767 1923 918 1957 Procopius
927 1923 954 1949 in
963 1922 1004 1949 lib.
1015 1932 1024 1948 t
1036 1922 1121 1950 Goth.
1155 1922 1202 1949 bus
1208 1923 1375 1959 adspefi‘aret‚
1397 1921 1430 1954 (J
1431 1923 1543 1959 favores
1549 1925 1624 1952 liberi
1627 1924 1711 1960 populi
1718 1925 1791 1961 castis
1798 1924 1904 1952 wans
1918 1930 1966 1957 cn·

309 1962 460 1996 θωδιχοῦσιι
467 1967 553 1988 vocat.
573 1959 706 1996 jordanes
717 1960 859 1990 &Auam-
869 1959 992 1986 Historiae
1003 1960 1124 1988 Miscellae
1155 1958 1242 1990 diens,
1257 1960 1341 1997 qualis
1351 1960 1405 1996 effi-t
1412 1961 1488 1996 [uisus
1496 1961 1583 1998 saeculi
1591 1961 1699 1998 gloriosa
1710 1969 1800 1998 pompa
1813 1961 1965 1998 eognqleerm

313 2000 340 2024 in
348 1996 456 2024 finelib.
466 2006 525 2025 xvi.
544 1997 745 2026 Theodericum
753 1997 818 2025 duas
827 1996 941 2024 habuiffe
950 1997 1083 2025 naturales
1094 1996 1125 2024 fi·
1156 1995 1289 2024 ecfertum
1305 1998 1346 2025 hic
1360 1998 1436 2025 locus
1453 1999 1543 2025 Palma
1550 2007 1629 2026 aurea
1644 1998 1746 2027 dictus,
1766 1999 1874 2026 videtur
1890 1995 1971 2025 fuist·

313 2035 359 2061 lias
367 2033 503 2064 scribunt,
515 2034 743 2070 Theudigotham.
753 2033 984 2069 &ostrogotham
995 2044 999 2060 z
1011 2042 1125 2069 quarum
1156 2042 1240 2069 prope
1247 2035 1393 2062 Curiam&
1404 2037 1504 2062 sorum.
1525 2038 1565 2063 Ac
1582 2035 1690 2062 fortasse
1706 2036 1795 2063 eadem
1810 2035 1849 2063 est
1867 2034 1963 2062 domu·

313 2070 422 2099 alteram
443 2072 562 2100 Alarico·
585 2072 694 2099 alteram
705 2070 1048 2108 SigismundoGundobadi
1058 2073 1126 2100 Bur-
1155 2070 1281 2101 Palmam,
1299 2073 1378 2106 cujus
1387 2075 1507 2099 meminit
1515 2072 1728 2100 Caffiodorusin
1739 2074 1779 2101 lib.
1789 2080 1814 2105 4.
1827 2075 1874 2109 Ep.
1887 2079 1927 2104 30.
1944 2068 1962 2088 ⁸

314 2108 485 2141 gundionum
498 2111 576 2145 Regis
589 2107 1007 2146 filiocopulavit.Sigismundum
1017 2109 1124 2144 quidem
1155 2108 1219 2135 Erat
1231 2110 1257 2136 ὅ(
1267 2117 1351 2144 prope
1362 2111 1514 2137 Ravennam
1532 2110 1607 2137 locus
1625 2110 1711 2138 dietus
1732 2111 1772 2137 Ad
1789 2110 1915 2138 Palmam.
1934 2109 1970 2136 in.

316 2144 475 2173 Theoderici
486 2144 564 2173 filiam
580 2145 698 2176 duxisse.
717 2145 792 2175 testis
806 2144 844 2174 est
861 2146 1004 2173 Ennodius
1020 2146 1047 2174 in
1065 2149 1127 2174 Vita
1155 2153 1212 2180 quo
1220 2145 1364 2173 Christiani
1375 2148 1507 2183 Martyres
1518 2147 1689 2178 necabantur,
1704 2156 1734 2176 ur
1743 2147 1780 2175 est
1789 2149 1816 2174 in
1828 2148 1966 2183 Martyro-

318 2181 470 2216 Epiphanii,
490 2185 516 2210 in
534 2185 666 2211 Oratione
683 2183 820 2221 Epiphanii
834 2183 865 2210 ad
878 2183 1086 2212 Gundobadum.
1102 2187 1128 2211 1-
1154 2181 1229 2218 logio
1240 2184 1359 2211 Notkeri
1371 2184 1467 2211 mKal
1488 2186 1556 2212 Maii.
1576 2185 1591 2201 0
1606 2184 1679 2212 Idem.

316 2216 380 2245 dem.
1193 2229 1209 2246 v
1232 2222 1278 2247 Per
1285 2221 1448 2248 tricennalem
1462 2221 1649 2258 triumphatum]
1671 2223 1713 2248 An
1732 2219 1806 2248 (οι-τὲ
1823 2218 1965 2256 legendu-

355 2253 372 2280 s
386 2255 462 2281 fana
474 2263 535 2290 pace
547 2267 602 2284 cum
617 2256 779 2295 Anastasia]
807 2256 875 2285 Vide
891 2256 1086 2285 Caffiodorum
1102 2259 1128 2285 in
1154 2256 1191 2283 est
1201 2274 1208 2284 .
1226 2257 1442 2292 perdemmalem.
1463 2267 1493 2287 ut
1501 2260 1557 2286 haec
1564 2257 1723 2286 Theoderici
1733 2256 1966 2294 pompaaddeceu-

317 2289 359 2318 lib.
371 2300 390 2318 t.
402 2293 446 2326 Ep.
462 2301 480 2318 ι.
502 2293 575 2320 Idem.
1156 2295 1220 2321 nalia
1229 2296 1288 2329 ejus
1298 2295 1577 2332 referatur-‚ingulfus
1585 2303 1674 2322 autem
1683 2295 1720 2323 est
1730 2297 1843 2323 Romam
1851 2294 1962 2327 Patricio

355 2334 367 2354 t
389 2328 433 2355 Ad
442 2328 556 2355 Palmam
562 2331 679 2365 populum
688 2331 846 2369 adlocutus]
871 2332 953 2360 Hunc
969 2331 1129 2360 Theoderici
1158 2333 1184 2359 δι
1197 2333 1315 2368 Hypatio
1323 2333 1474 2361 Coffianno
1486 2334 1595 2360 Domini
1606 2334 1838 2368 500.regniautem
1849 2330 1963 2359 sui-nno

312 2364 461 2400 ingressum
478 2367 506 2394 in
525 2368 627 2394 Urbem
641 2386 648 2398 .
670 2371 696 2397 &
713 2369 918 2397 adlocutionem
937 2369 969 2397 ad
992 2369 1143 2406 populum,
1155 2368 1260 2398 οᾶινο.
1275 2371 1369 2408 ltaque
1385 2370 1561 2400 fidecennalia
1578 2378 1644 2398 tunc
1659 2370 1800 2398 celebravit
1816 2366 1963 2395 Theoderi-

1765 2404 1958 2448 Romanis
