2007 2658
476 70 854 119 HADRIANI
883 70 1173 114 VALESII
1205 68 1641 113 PRAEFATIO

231 171 414 206 Tornovr.
441 161 574 201 inseruit.
597 163 655 199 Sed
668 175 725 198 nec
738 163 872 199 Graecos
883 173 941 197 nec
956 161 1089 196 Latinos
1099 159 1276 196 Historicos
1295 174 1404 197 eorum
1425 171 1605 208 temporum
1626 159 1745 201 laudan·
1766 162 1844 199 nihil
1852 165 1889 201 ad

234 215 406 252 Historiam
429 213 590 250 Ammiani
610 212 766 261 pertinens
788 212 916 249 uastat,
941 212 1042 245 nullos
1061 213 1190 259 aequales
1210 211 1272 255 ejus
1293 211 1389 246 :etatis
1411 210 1564 246 Auctores
1584 207 1728 256 attingit-3
1754 211 1889 251 Gaelium

236 264 453 314 Rhodiginum
466 286 476 303 ,
497 266 529 298 &
552 261 762 297 Alexandrum
774 260 811 296 ab
825 260 1023 300 Alexandro,
1044 270 1073 294 at
1084 273 1162 308 quos
1177 259 1314 295 Criticos
1329 262 1341 292 ?
1366 262 1461 295 Italos
1481 259 1572 294 Italus
1592 257 1670 305 saepe
1680 255 1773 291 nobis
1782 260 1889 296 obtm-

235 315 291 350 dit.
320 318 468 349 Praeterea
481 312 569 346 nullis
581 310 739 346 codicibus
750 310 907 356 adjuvatur
920 324 927 343 ε
949 323 983 343 ac
1005 309 1042 343 dc
1056 309 1180 344 Officiis
1201 309 1324 344 tantum
1338 309 1499 348 Palatinis,
1519 307 1657 342 civilibus
1668 309 1700 341 &
1713 306 1891 346 militaribus

237 358 658 412 pauculainfclicitereffirdit.
712 362 818 408 Qiare
832 358 1073 394 Observationes
1083 360 1165 403 ejus,
1184 368 1235 392 aut
1255 358 1337 393 sicuti
1359 358 1482 395 maluit,
1505 355 1641 391 obscurae
1665 358 1895 394 Dilucidan'onex

241 423 327 447 vax
340 422 391 445 11.
419 410 538 444 circiter
547 410 730 458 pagellarum
744 410 774 442 in
788 411 829 444 A.
844 408 1060 443 Marcellinum
1073 430 1082 445 ‚
1105 407 1344 457 nobisindiguae
1361 406 1430 443 visae
1442 405 1510 441 sunt
1522 428 1531 444 ‚
1555 418 1628 453 quas
1639 405 1769 441 editioni
1779 407 1892 443 nostrae

239 461 483 508 adjungeremus.
510 461 609 493 Nunc
621 458 659 492 de
673 462 709 492 A.
727 457 913 493 Marcellino
925 457 1021 505 aliqua
1031 456 1159 490 dicenda
1171 456 1248 492 sunt.

291 508 477 544 Ammianus
500 507 716 546 Marcellinus,
741 505 906 541 Protefmr
924 504 1148 544 Domesticus,
1172 518 1242 539 cum
1263 505 1408 541 Ursicino
1434 502 1587 553 Magistro
1608 504 1741 539 militum
1765 505 1781 539 a
1803 506 1896 539 Con.

239 557 352 594 stantio
366 559 407 593 A.
421 558 451 591 in
467 557 634 591 Orientem
652 556 773 590 misius:
803 554 908 601 postea
919 555 1033 590 eumin
1046 556 1166 589 Italiam
1180 580 1196 595 ‚v
1213 554 1323 589 deiude
1346 554 1378 588 in
1401 555 1519 589 Gallias
1530 577 1539 592 ,
1561 552 1715 600 variasque
1732 553 1814 588 orbis
1825 555 1897 589 Ro-

238 609 324 645 mani
348 617 446 654 partes
456 606 574 640 secutus
587 603 631 639 est
650 618 658 638 :
683 604 811 639 demum
833 615 904 638 cum
923 603 1036 637 eodem
1056 603 1087 636 in
1109 604 1221 639 traftus
1236 603 1377 638 Orientis
1399 604 1542 637 revertit:
1564 603 1612 637 ubi
1633 602 1705 650 quid
1717 601 1895 646 Urficinus‚

239 656 313 705 quid
326 653 455 702 ipsemet
467 666 569 689 rerum
581 654 696 701 egerit,
718 651 832 701 &post
846 661 981 687 mortem
999 650 1176 687 Constantii
1197 652 1429 700 expeditionem
1448 651 1555 697 Juliani
1577 652 1608 685 in
1622 649 1731 686 Persas
1746 653 1898 687 cui-inter—

239 706 294 741 fuit
305 727 314 744 ‚
337 703 402 739 fuse
413 713 544 739 enarrat.
596 705 678 738 Eum
691 702 786 749 patriti
802 699 1049 736 Antiochensem
1061 699 1163 740 misse,
1186 701 1308 750 prolata
1320 700 1441 736 Libanii
1455 699 1490 734 ad
1501 698 1744 747 ipsum-epistol&
1758 701 1798 736 ita
1807 699 1898 736 frater

238 767 329 791 meus
349 753 474 794 docuit,
500 762 533 787 ut
553 753 653 790 nullus
674 750 861 788 dubitationi
879 751 968 786 locus
991 750 1192 799 relinquatur.
1243 754 1349 786 Petrus
1370 748 1513 785 Pithoeus
1536 747 1573 782 ad
1595 750 1670 782 latus
1685 750 1846 785 Ammiani
1858 749 1898 784 sui

238 816 333 840 manu
358 801 406 838 sua
427 802 570 841 notavit,
588 814 659 837 cum
681 800 890 837 Christianum
908 799 1015 838 fuisse,
1034 809 1195 847 propterea
1215 799 1300 848 quod
1319 800 1350 834 in
1374 799 1453 833 libro
1464 808 1574 834 xxvn.
1593 796 1731 845 scripsit,
1751 799 1898 845 antistites

239 854 376 900 quosdam
395 853 610 898 provinciales,
636 850 665 885 id
678 849 723 885 est
733 847 1190 899 EpiscoposChristianorum,
1213 861 1306 896 parco
1318 848 1421 887 νὶἃυ,
1443 847 1495 883 vili
1507 845 1610 884 veste,
1632 846 1809 882 &demi-ssis
1820 860 1901 882 ocu·-

238 903 277 937 lis
290 925 301 941 ,
318 911 448 949 perpetuo
463 902 575 936 numini
594 900 731 946 verisque
751 902 810 948 ejus
829 899 979 935 cultoribus
999 908 1030 933 ut
1047 909 1146 944 parcos
1163 899 1355 933 commendari
1376 899 1413 936 ά
1431 897 1630 932 verecundos..
1671 895 1806 931 Anideo
1817 899 1899 932 Am-

241 951 363 987 mianus
378 949 568 985 Christianus
580 949 738 986 habendus
748 948 792 984 est
803 972 820 988 2.
834 947 922 996 quod
946 949 1054 981 Deum
1077 945 1323 982 Christianorum
1343 957 1637 993 perpetuum-numen
1649 967 1658 984 ‚
1684 944 1714 978 id
1732 943 1777 980 est
1791 946 1900 981 Deum

241 1009 414 1038 aeternum,
434 997 675 1036 &Christianos
689 997 867 1044 ‘Antistites
879 1020 890 1036 ‚
911 1009 990 1033 veros
1009 996 1140 1041 perpetui
1151 998 1275 1032 numinis
1294 998 1415 1030 cultores
1436 994 1594 1042 appellat?
1620 992 1715 1041 Qasr
1736 1006 1802 1029 non
1819 1005 1899 1029 veros

237 1050 368 1096 perpetui
390 1050 516 1083 numina
535 1050 656 1083 cultores
667 1048 855 1083 Ammianus
867 1044 1023 1081 vocaverit
1037 1044 1180 1080 Gentiles
1197 1043 1278 1092 ipsos
1298 1057 1333 1079 ac
1352 1043 1394 1079 sui
1409 1042 1520 1078 similes
1531 1066 1541 1081 ‚
1555 1043 1661 1091 quibus
1672 1042 1795 1091 quidam
1805 1043 1900 1080 etiarn

243 1096 494 1133 Christianorum
506 1095 656 1144 Episcopi
667 1096 698 1132 in
712 1095 879 1144 provinciis
891 1093 1047 1131 san&itate
1058 1094 1126 1128 vitae
1137 1096 1169 1129 &
1181 1093 1360 1129 verecundia
1379 1091 1674 1128 commendarentur
1687 1104 1721 1125 ac
1732 1092 1903 1139 placerent.

238 1149 289 1182 Ita
313 1156 419 1181 tamen
438 1145 477 1181 de
495 1146 672 1182 Ammiano
694 1144 783 1180 sensit
795 1148 827 1180 δε
841 1144 986 1179 Claudius
1002 1142 1188 1184 Chifledus,
1209 1142 1285 1177 cum
1305 1142 1404 1178 verbis
1416 1143 1480 1187 ejus
1490 1140 1576 1187 supra
1591 1140 1737 1179 laudatis,
1749 1150 1817 1176 tum
1837 1141 1903 1175 aliis

240 1194 400 1231 leviffimis
419 1194 607 1240 conjecturis
618 1193 780 1231 adduc‘tus.v
827 1193 886 1228 Sed
905 1193 956 1242 qui
979 1192 1096 1227 attente
1115 1192 1243 1241 legerit,
1263 1204 1332 1240 quae
1352 1201 1461 1239 praeter
1473 1189 1610 1225 ceterain
1621 1187 1683 1223 fine
1695 1189 1759 1223 libri
1772 1202 1840 1226 xlv.
1863 1190 1903 1224 de

238 1243 385 1280 'Adrastia
397 1244 446 1280 vel
458 1242 588 1280 Nemesi
602 1266 611 1284 ‚
633 1256 701 1291 quae
712 1244 743 1278 in
753 1244 833 1279 libro
845 1253 921 1290 xvg.
940 1241 978 1277 de
989 1241 1167 1281 Mercurio,
1188 1253 1254 1291 quae
1276 1241 1307 1275 in
1327 1241 1406 1276 libro
1427 1250 1502 1275 xxi.
1526 1238 1565 1273 de
1574 1238 1700 1273 numine
1711 1238 1902 1278 Themidis,

243 1293 283 1328 de
294 1290 497 1340 Haruspicina
511 1321 519 1333 ,
542 1293 581 1327 de
594 1293 761 1341 Auguriis,
780 1292 929 1340 variisque
949 1291 1061 1326 artibus
1081 1289 1179 1327 futura
1199 1289 1408 1338 praenoscendi
1421 1313 1441 1330 ‚.
1455 1298 1572 1324 veteres
1583 1288 1774 1336 Theologos
1785 1287 1901 1324 suos&

242 1341 392 1389 Physicos
403 1354 437 1376 ac
450 1341 602 1389 Mysticos
613 1340 729 1376 secutus
738 1339 871 1388 scripsit:
895 1339 1040 1387 profecto
1059 1339 1143 1375 fateri
1167 1351 1313 1388 cogetur,
1335 1351 1405 1374 eum
1428 1338 1517 1373 cultui
1539 1338 1685 1372 Deorum
1698 1336 1854 1372 addictum
1865 1349 1902 1371 ac

240 1390 392 1426 devotum
403 1389 498 1427 fuisse.
551 1390 646 1425 Certe
659 1390 697 1425 de
712 1391 785 1426 Diis
799 1390 952 1425 Gentium
964 1398 1121 1436 tamquam
1138 1389 1175 1423 de
1186 1389 1242 1422 suis
1260 1388 1383 1435 semper
1398 1387 1555 1435 loquitur37
1569 1387 1608 1421 de
1621 1385 1802 1421 Christianis
1813 1384 1902 1420 sacris

243 1438 458 1487 Mysteriisque
482 1452 550 1475 non
569 1439 657 1475 item.
709 1441 893 1482 Numquam
916 1436 1144 1473 Christianis·.se
1162 1436 1320 1485 adjungit3
1341 1448 1511 1484 numquam
1529 1438 1562 1469 δι’
1584 1433 1730 1482 nusquam
1751 1448 1859 1469 eorum
1871 1433 1901 1468 se

244 1500 380 1524 numero
391 1488 550 1523 adscribit:
577 1488 779 1534 &Julianum
794 1490 835 1525 A.
847 1499 937 1536 quem
950 1485 1034 1519 suum
1044 1484 1137 1519 heroa
1151 1483 1241 1524 fecit,
1270 1485 1348 1519 banc
1370 1484 1523 1532 praecipue*
1544 1483 1586 1518 ob
1599 1483 1716 1518 causam
1729 1483 1803 1518 mihi
1817 1483 1902 1519 vide·

245 1547 293 1572 tur
313 1537 406 1572 toties
428 1540 461 1572 δε
481 1546 644 1584 tantopere
666 1537 805 1576 laudare,
834 1536 921 1585 quod
948 1534 965 1570 ὁ.
986 1534 1155 1583 Religione
1177 1533 1350 1569 Christiana
1371 1533 1406 1568 ad
1417 1532 1578 1569 numinum
1592 1533 1708 1567 cultum
1729 1533 1901 1569 desciverit.

246 1586 322 1635 Q&
344 1596 448 1622 tamen
469 1596 534 1621 erat
556 1584 736 1633 prudenti-3,
765 1586 843 1621 adeo
864 1583 1006 1620 modeste
1026 1593 1116 1632 atque
1133 1582 1270 1622 sincere,
1296 1596 1331 1618 ac
1354 1595 1590 1630 nonnumquam
1601 1582 1694 1616 etiam
1704 1580 1851 1616 benivole
1863 1580 1902 1618 de

246 1634 429 1672 Christianis
440 1635 528 1670 rebus
543 1645 796 1673 commemorat,
822 1645 855 1670 ut
865 1634 955 1683 aliqui
967 1645 1061 1668 unum
1071 1645 1109 1668 ex
1121 1631 1232 1668 uostris
1245 1633 1430 1680 putaverint.
1456 1631 1617 1667 Nimirum
1641 1629 1724 1664 sicuti
1734 1628 1898 1669 existimo,

243 1685 292 1720 vir
302 1685 423 1724 bonus,
447 1684 566 1733 integer
590 1687 622 1719 &
642 1682 758 1732 sapiens
783 1685 986 1732 Religionem
1008 1681 1214 1717 Christianam
1237 1694 1302 1716 non
1324 1681 1422 1730 sequi,
1449 1679 1519 1715 tuto
1544 1678 1573 1714 se
1592 1678 1676 1727 posse
1686 1677 1899 1728 intelligebat:

245 1734 388 1769 eamdem
398 1733 590 1781 Principibus
601 1733 657 1768 suis
669 1744 828 1781 acceptam
841 1737 872 1768 δι
888 1742 959 1768 toto
969 1730 1032 1767 fer&
1043 1731 1117 1767 orbe
1132 1733 1283 1768 Romano
1296 1729 1435 1765 diffusam
1457 1731 1558 1777 palam
1579 1729 1724 1763 damnare
1735 1740 1800 1763 non
1811 1726 1902 1762 aude-

244 1783 308 1819 bat.
337 1783 394 1818 Sed
418 1784 453 1819 ὅ(
476 1781 598 1817 forsitan
623 1784 808 1832 religionum
829 1781 1013 1818 diversitates
1026 1780 1311 1827 nonimprobavit‚
1336 1777 1682 1827 persuasumquelaabuit
1709 1775 1854 1818 (sicutait
1864 1774 1903 1810 de

245 1833 355 1868 notitia
367 1833 429 1867 Dei
443 1831 666 1880 Symmachus)
694 1832 755 1868 unii
767 1832 817 1868 vizi
830 1844 897 1867 non
910 1828 993 1879 posse
1006 1830 1154 1878 perveniri
1170 1829 1204 1864 ad
1219 1839 1281 1864 tam
1292 1828 1407 1877 grande
1418 1826 1577 1862 secretum.

294 1882 519 1917 Valentiniano
531 1885 563 1916 &
578 1881 712 1916 Valente
723 1881 943 1928 imperantibus
958 1880 1145 1915 Ammianus
1156 1880 1205 1915 M.
1219 1877 1334 1912 militiae
1345 1877 1531 1912 renuntiavit
1544 1898 1554 1915 ‚
1581 1878 1612 1909 δι’
1628 1874 1832 1911 Antiochiam
1845 1874 1905 1910 do«-

246 1944 394 1980 mumque
413 1930 513 1967 rediit.
566 1930 630 1964 Ubi
655 1930 723 1977 post
743 1930 909 1966 Theodori
930 1929 1178 1974 conjurationem
1201 1925 1383 1974 patefastam
1406 1936 1495 1973 atque
1513 1923 1717 1972 oppressam„
1733 1924 1840 1972 iniquo
1850 1925 1906 1969 Juv

245 1981 347 2016 dicum
362 1981 662 2027 Advocatorumque
676 1979 813 2015 colludio
826 1979 927 2014 litibus
936 1979 1117 2026 inquietatus
1129 1989 1162 2011 ac
1174 1985 1297 2011 vexatus
1309 1975 1424 2011 videtur
1438 1974 1521 2009 fuisse
1532 1997 1542 2012 ‚
1571 1986 1637 2008 non
1659 1973 1720 2008 sine
1740 1973 1837 2021 aliqua
1860 1971 1903 2006 rei

243 2027 398 2064 familiaris
424 2029 547 2075 jaRura.
599 2029 648 2063 Sic
674 2029 759 2064 enirn
783 2027 963 2075 explicanda
989 2025 1093 2071 judico
1116 2026 1207 2061 verba
1227 2025 1292 2059 liaec
1314 2026 1356 2063 A,
1370 2023 1544 2059 Marcellini
1568 2024 1598 2057 in
1617 2022 1697 2058 libro
1709 2035 1781 2058 xxx.
1806 2019 1856 2055 ubi
1869 2020 1904 2054 in

246 2078 455 2116 Orientalium
468 2080 568 2114 Rom.
583 2077 814 2114 cauffidicinam
824 2076 889 2113 fuse
901 2075 1063 2111 invehitur.
1089 2081 1161 2122 Ergo
1174 2074 1308 2121 absolutis
1323 2073 1408 2120 super
1427 2072 1665 2120 ejusindlgnirate
1681 2072 1779 2118 paucis
1791 2092 1800 2109 ‚
1813 2080 1903 2115 quam

244 2129 344 2163 inillis
363 2129 490 2174 parribus
517 2128 706 2172 (Orientis)
734 2140 821 2174 agens
832 2135 965 2173 expertus
983 2125 1068 2171 sum,
1094 2126 1134 2158 ad
1152 2133 1303 2169 coeptorum
1322 2123 1434 2169 cursum
1454 2123 1598 2169 regrediar
1609 2119 1779 2165 institurum.
1816 2121 1908 2166 Qa-

245 2187 374 2224 propter
394 2176 567 2224 indignatus
580 2201 590 2217 ‚
612 2177 735 2212 Orienti
759 2189 794 2211 ac
816 2175 920 2222 patriae
932 2173 1073 2209 valedixit
1092 2173 1153 2217 jam
1166 2181 1253 2208 :etate
1265 2171 1428 2220 proveRus
1441 2194 1450 2208 ‚
1475 2174 1506 2205 &
1528 2171 1669 2206 Romam
1691 2167 1809 2203 seceffit
1820 2167 1906 2202 Gra-

244 2226 349 2265 tiano,
381 2226 602 2261 Valentiniano
616 2228 651 2263 ὃς
662 2224 848 2262 Theodosio
859 2222 1073 2270 Principibu3‚
1098 2232 1130 2256 ut
1152 2220 1243 2258 frater
1265 2233 1352 2256 meus
1371 2220 1466 2255 credit
1480 2234 1498 2254 :·
1515 2230 1547 2254 ut
1561 2232 1622 2268 ego
1634 2218 1719 2253 malo
1731 2245 1741 2259 ,
1762 2216 1837 2253 vivo
1849 2215 1905 2251 ad-

245 2273 304 2308 huc
318 2276 451 2310 Valente
465 2278 503 2310 A.
519 2276 625 2310 Tanta
642 2276 674 2310 in
698 2276 771 2311 urbe
796 2274 984 2309 Ammianus
1008 2271 1084 2306 cum
1099 2269 1291 2306 domicilium
1307 2267 1524 2308 constituisset,
1553 2269 1668 2305 multos
1679 2269 1843 2302 Senatores
1855 2263 1908 2312 qui

239 2322 497 2361 Clariffimorum
506 2324 598 2361 titulo
609 2327 641 2361 δι
655 2325 822 2363 Nobilium
834 2321 1041 2374 appellatione
1067 2318 1267 2373 censebantur
1278 2342 1290 2361 ‚
1309 2317 1363 2357 fibi
1379 2321 1499 2357 amicos
1527 2317 1663 2368 adjunxit
1678 2331 1687 2368 ².
1714 2328 1792 2366 quos
1804 2314 1909 2363 Magi-
