2007 2658
16 3 24 20 *l

19 42 24 74 l
95 57 314 80 CONSTANTIUS
327 53 393 76 Aue.
409 49 508 76 Eusebio
519 49 544 76 δε

116 82 227 119 ψ(
238 83 519 113 1101.
786 48 901 100 LIB.
922 47 1054 97 XIX.
1080 53 1224 100 CAP.
1241 56 1347 103 ΧΠ.
1592 74 1684 123 249

24 132 63 174 sa
80 130 272 173 interdum
296 125 536 168 remanebant
556 125 595 165 in
604 122 708 164 fano.
750 123 812 164 Ex
828 123 887 162 his
899 123 1028 177 aliqua
1040 126 1089 165 ad
1104 126 1386 180 Imperatorem
1411 131 1578 186 maligne
1600 130 1686 173 sunt

24 182 132 233 imissa
143 219 155 239 ,
185 187 256 241 qui
276 194 320 224 ut
335 191 413 223 erat
423 179 570 234 angusti
591 180 757 234 pe&oris
769 207 782 226 ,
811 178 1081 219 obsurdescens
1107 182 1145 220 in
1161 182 1242 222 aliis
1252 186 1368 224 etiam
1384 187 1546 228 nimium
1558 187 1658 229 seriis
1671 214 1685 234 ‚

24 242 64 288 ³in
76 245 156 286 vhoc
166 243 282 286 titulo
297 238 390 280 lima
401 265 413 285 ,
424 237 535 292 quod
547 236 668 284 aiunt,
679 235 850 276 auricula
861 235 1017 275 mollior
1029 239 1088 283 ,ὅτ
1101 235 1274 290 suspicax
1288 267 1300 286 ,
1312 245 1350 280 ὃς
1368 250 1378 266 ¹
1396 244 1568 284 minutus
1582 274 1592 290 ,
1606 244 1685 285 acri

23 303 114 349 selle
137 299 344 343 concaluit:
376 293 583 348 statimque
603 293 654 333 ad
667 293 871 333 Orientem
897 291 1008 331 ocius
1027 292 1082 331 ire
1100 294 1253 332 monuit
1265 294 1427 336 Paulum
1442 325 1455 345 ,
1493 300 1685 353 potestate

24 352 174 406 helam,
205 366 248 396 ut
259 353 369 394 instar
379 350 502 391 Ducis
513 363 638 390 rerum
661 348 897 402 experientia
907 348 1025 395 clari,
1053 348 1103 388 ad
1112 347 1311 388 arbitrium
1325 351 1433 393 suurn
1451 364 1476 382 m
1490 356 1614 396 audiri
1625 357 1683 396 ef.

28 416 157 458 ficeret
177 409 312 451 causas.
352 407 579 460 Datumque
600 406 653 446 est
665 406 864 460 negotium
877 403 1063 445 Modesto
1078 405 1283 444 etiamtum
1304 419 1373 460 per
1385 408 1587 451 Orientem
1600 413 1685 452 Co-

66 472 132 516 iti,
161 477 254 521 apto
266 465 316 505 ad
327 463 410 503 haec
422 467 460 504 &
474 462 617 503 fimilia.
647 470 665 487 ¹¹
677 462 949 516 Hermogenes
969 460 1071 501 enim
1083 460 1269 501 Ponticus
1282 475 1326 501 ea
1337 465 1563 517 tempestate
1576 467 1683 508 P‘rae„

41 526 143 567 etrus
165 521 352 564 Praetorio
364 547 377 567 ,
404 530 448 559 ut
467 519 620 559 lenioris
642 518 785 573 ingenii
804 517 1061 571 spernebatur.
1103 517 1276 559 Perrexit
1296 528 1341 559 ut
1363 531 1605 574 praeceptum
1627 524 1684 564 est

56 581 162 622 aulus
174 608 186 627 ‚
217 575 355 618 funesti
376 575 542 616 2furoris
562 579 600 616 &
612 574 800 614 anhelitus
818 573 952 628 plenus
969 589 976 613 :
1006 573 1178 628 dataque
1200 574 1400 615 calumniae
1416 576 1655 632 indulgentia
1669 607 1682 626 ,

51 637 178 679 lurimi
188 634 428 676 ducebantur
438 632 486 672 ab
497 631 590 672 orbe
601 631 727 685 prope
738 640 922 670 terrarum
934 657 946 677 ‚
960 630 1076 681 juxta
1091 629 1236 671 nobiles
1245 635 1284 671 &
1295 630 1449 672 obscuri
1466 648 1474 671 ε
1508 647 1680 687 quorum

43 695 171 749 liquos
190 690 437 734 vinculorum
454 687 682 729 adflixerant
699 700 818 727 nexus
831 714 842 731 ,
871 686 967 726 alios
990 685 1150 727 claustra
1170 687 1339 741 poenalia
1350 687 1679 742 consumpserunt.

55 761 72 791 t
81 750 200 791 cletta
210 747 262 788 est
274 746 480 802 speetatrix
490 743 771 799 suppliciorum
781 741 957 782 feralium
969 742 1104 782 civitas
1118 750 1128 774 3
1142 743 1181 782 in
1193 743 1391 785 Palaestina
1402 743 1655 802 Scythopolis
1667 774 1682 795 ,

47 807 172 848 emina
194 805 339 845 ratione
356 800 434 843 visa
454 801 575 855 magis
593 799 771 840 omnibus
791 808 1042 853 opportuna,
1074 799 1187 854 quod
1206 799 1385 842 secretior
1397 829 1410 849 ,
1440 803 1589 843 &inter
1600 804 1682 844 An-

2 894 9 911 .
38 862 204 904 iochiam
216 858 570 912 Alexandriamque
585 857 713 896 media
724 883 738 903 ‚
766 855 869 896 unde
879 854 994 895 multi
1005 855 1235 910 plerumque
1246 858 1296 898 ad
1308 858 1467 899 crimina
1477 858 1680 900 traheban-

0 918 10 958 Γ
62 933 90 959 r.
125 917 277 959 Dustus
299 913 353 954 est
375 915 507 968 itaque
526 913 625 953 inter
644 914 791 968 primos
809 911 1032 966 Simplicius
1057 919 1074 938 0
1097 911 1273 968 Philippi
1295 914 1395 955 filius
1418 929 1466 956 ex
1486 915 1679 957 Praefesto

43 972 241 1016 rConsule
253 1001 262 1017 ‚
296 984 380 1012 reus
398 970 472 1011 hac
498 970 622 1025 gratia
642 968 857 1024 postulatus
870 996 882 1016 ,
914 967 1026 1023 quod
1036 965 1149 1023 super
1167 969 1418 1024 adipiscendo
1430 972 1680 1027 interrogasse

21 1047 23 1061 1
48 1028 217 1072 icebatur
226 1028 417 1083 Imperio:
451 1027 600 1081 pe'rque
620 1026 793 1081 elogium
805 1025 996 1079 Principis
1015 1026 1190 1079 torqueri
1211 1038 1429 1082 praeceptus
1441 1056 1454 1077 ‚
1484 1029 1554 1082 qui
1566 1029 1603 1068 in
1615 1028 1677 1068 his

21 1126 23 1135 ,
65 1087 162 1129 sibus
172 1099 241 1127 nec
262 1094 466 1140 peccatum
485 1082 694 1138 aliquando
706 1083 841 1138 pietati
849 1081 1009 1123 dederat
1022 1095 1093 1122 nec
1103 1092 1268 1123 erratum
1280 1111 1293 1131 ,
1316 1083 1401 1124 fato
1420 1085 1595 1139 quodam
1617 1098 1678 1125 ar-

56 1190 68 1207 ι
94 1178 140 1207 Al.
164 1179 294 1206 munitus.
344 1184 360 1202 2
388 1174 436 1211 Msj
455 1176 583 1202 muroris.
634 1184 644 1207 3
673 1176 698 1201 τὲ
721 1177 748 1202 in
769 1174 831 1211 deest
859 1176 929 1200 ἐηιτέ
944 1175 1083 1209 enimam&
1106 1179 1122 1201 ἢ
1139 1176 1267 1209 &magam
1288 1177 1396 1207 νοταβίων
1417 1177 1538 1205 >zm-22&
1553 1178 1680 1212 w‘umffo-aq

25 1215 54 1242 ‚l-
858 1211 933 1238 πολλὰ
947 1214 1095 1247 Αλεξανῶρὲων
1110 1213 1232 1239 tenedum.
1266 1212 1391 1247 Denique
1404 1212 1472 1248 apud
1490 1212 1633 1248 Sulpicium
1650 1215 1679 1239 in

858 1247 900 1274 lib.
918 1255 938 1279 3.
960 1248 992 1275 de
1006 1250 1059 1275 vita
1074 1249 1183 1275 Martini
1199 1266 1206 1277 ‚
1234 1248 1349 1276 Tribuni
1370 1249 1378 1282 (
1392 1258 1449 1276 non
1466 1249 1592 1276 militares
1606 1268 1613 1278 ,
1633 1248 1677 1275 sed

858 1285 980 1314 Notarii,
1001 1293 1032 1312 ut
1042 1286 1159 1320 opinor)
1181 1284 1282 1312 summa
1295 1285 1424 1320 potestate
1433 1285 1538 1320 praediti
1547 1306 1555 1316 ,
1576 1287 1603 1312 &
1612 1294 1677 1312 eum

856 1321 919 1355 jure
927 1320 1002 1355 gladii
1011 1321 1043 1347 ad
1052 1321 1186 1356 Hispanias
1200 1320 1356 1356 delegantur
1365 1320 1379 1348 a
1390 1323 1518 1348 Maximo.
1541 1319 1677 1349 Ceterum

859 1358 968 1383 nomina
982 1366 1093 1386 eorum,
1115 1359 1162 1392 qui
1174 1356 1318 1392 praesentes
1334 1357 1504 1387 adstiterant,
1525 1356 1585 1385 c'urn
1602 1358 1676 1385 causa

858 1392 1039 1427 judicaretur,
1059 1393 1253 1421 adnotabantur
1270 1396 1297 1420 in
1310 1395 1388 1424 aetus,
1408 1404 1439 1422 ut
1455 1392 1575 1430 patet'ex
1583 1394 1677 1421 Colla-

860 1429 1036 1457 tioneCarth.
1054 1430 1188 1465 &exlege
1197 1439 1219 1463 5.
1238 1430 1310 1458 Cod.
1321 1431 1425 1460 Theod.
1442 1432 1475 1458 de
1491 1430 1544 1458 fide
1559 1430 1676 1459 testium.

860 1465 1095 1537 Vadesslermogenes
1101 1505 1167 1529 enlm
1176 1504 1245 1529 Pom.
1254 1502 1327 1537 Praefi
1336 1506 1407 1529 Praet.
1415 1508 1432 1536 J
1451 1505 1501 1531 Hic
1509 1503 1674 1531 Musoniano

859 1537 902 1564 seu
921 1540 1053 1573 strategio
1072 1538 1240 1568 successerat,
1260 1546 1290 1565 ut
1305 1541 1339 1565 ait
1357 1539 1484 1566 Libanius
1503 1542 1528 1566 in
1548 1542 1625 1567 Orat.
1642 1540 1676 1567 de

857 1575 911 1600 vita
926 1573 984 1603 sua,
1006 1574 1049 1601 ubi
1066 1573 1151 1601 euma
1162 1574 1268 1601 lenitate
1281 1584 1391 1602 morum
1407 1576 1590 1607 commendat,
1611 1585 1673 1613 per-

857 1609 919 1637 indo
925 1619 952 1637 ac
963 1609 1132 1638 Marcellinus
1141 1610 1192 1638 hoc
1202 1613 1229 1638 in
1238 1611 1311 1638 loco.
1328 1610 1404 1642 Idem,

893 1656 911 1673 o
931 1647 1042 1682 Philippi
1054 1657 1085 1673 ex
1099 1647 1214 1683 Praeftfflo
1231 1645 1266 1678 &¹
1274 1648 1382 1682 Consule.
1393 1654 1410 1683 J
1430 1649 1535 1677 Consul
1550 1650 1601 1677 fuit
1610 1659 1672 1677 cum

856 1683 932 1711 Sallia
951 1693 1023 1711 anno
1048 1685 1159 1711 Domini
1179 1688 1235 1717 348.
1263 1684 1415 1721 eode‘tnque
1436 1695 1506 1713 anno
1524 1687 1672 1714 Praefeelus

854 1722 989 1747 Praetorio
998 1720 1110 1748 Paulum
1125 1730 1158 1747 cx
1167 1721 1374 1758 Constantinop.
1392 1721 1466 1754 sede,
1486 1725 1672 1758 quamRorna-

855 1758 883 1784 ni
896 1756 1034 1784 Pontificis
1050 1757 1148 1784 litteris
1166 1759 1287 1785 munitus
1304 1767 1437 1793 receperat
1453 1779 1459 1789 ‚
1478 1760 1581 1794 expulit
1597 1760 1669 1794 jussu

855 1793 1023 1824 Constantii,
1061 1794 1225 1830 impiumque
1240 1794 1425 1822 Macedonium
1442 1795 1572 1826 restituit,
1594 1804 1625 1823 ur
1638 1806 1673 1823 ex

858 1829 992 1858 Athanasii
1006 1830 1138 1866 Apologia
1159 1831 1191 1858 ad
1206 1830 1399 1858 Constantium
1412 1851 1419 1861 ‚
1439 1834 1467 1859 ὃς
1483 1841 1515 1859 ex
1527 1834 1598 1860 Auis
1607 1834 1672 1860 Pau-

88 1291 135 1317 Pro
142 1289 241 1316 cithara
249 1288 337 1316 velare
344 1294 416 1325 caput
423 1307 431 1319 ‚
449 1287 593 1325 diblataque
599 1285 680 1315 verba

89 1325 197 1354 Protulit
202 1332 231 1354 ut
238 1335 289 1352 mos
298 1325 339 1361 est.

25 1372 186 1400 fficustodes
194 1370 209 1400 a
218 1372 385 1400 Tertulliano
399 1374 425 1399 in
435 1373 613 1407 Apologetico
623 1374 777 1401 Monitores
791 1373 829 1399 di-

29 1416 127 1437 untur.
145 1409 217 1439 Illuc,
229 1412 279 1438 ait,
288 1408 446 1446 suspicientes
459 1409 597 1444 Christiani
603 1408 719 1437 manibus
735 1416 828 1445 expan-

31 1446 52 1472 fs
61 1467 67 1476 ‚
84 1448 145 1482 quia
151 1446 274 1474 innocuis,
292 1447 372 1480 capite
381 1445 457 1473 nudo,
477 1448 539 1481 quia
547 1456 592 1472 non
600 1445 774 1480 erubescimus,
789 1445 831 1473 de-

30 1481 149 1519 ‹iquefine
157 1485 274 1509 monitore
281 1500 288 1511 ‚
306 1484 366 1518 quia
382 1482 412 1509 de
417 1482 511 1516 pessare
519 1491 624 1509 oramus.
650 1482 702 1509 Ubi
716 1482 829 1510 Tertul-

12 1533 20 1542 ν
30 1521 101 1545 ianus
110 1519 226 1546 habitum
239 1520 374 1545 orantium
384 1518 600 1545 Christianorum
613 1520 727 1552 opponit
734 1521 829 1545 Genti-

26 1555 83 1583 'ium
99 1557 177 1582 mori.
205 1554 325 1582 Gentiles
339 1556 408 1581 enim
423 1552 480 1581 fere
495 1555 651 1589 complicitis
667 1555 786 1582 manibus
797 1557 825 1582 &

31 1591 192 1628 apitevelato
199 1610 208 1622 ‚
227 1592 254 1619 δε
261 1591 374 1619 adhibito
387 1590 500 1619 custode
509 1590 552 1617 seu
562 1593 700 1617 monitore
708 1591 828 1618 orabant.

27 1627 102 1665 Valefi

55 1664 66 1691 1
82 1668 137 1691 Ima
148 1664 213 1701 quod
223 1666 295 1692 aiunt
310 1663 423 1693 auricula
440 1663 563 1695 mollior]
590 1664 688 1691 Cicero
702 1663 778 1691 lib.2.
790 1664 825 1691 ad

29 1702 115 1734 Qiint.
125 1701 250 1728 fratr-emt
269 1717 301 1724 --
315 1700 440 1730 Auricula
449 1699 601 1737 infimascito
614 1701 752 1728 modiorem.
773 1701 826 1729 Ca-

30 1737 78 1765 un.
88 1738 218 1773 Epigram.
225 1747 290 1765 xxv.

91 1797 103 1802 -
112 1798 124 1802 -
138 1797 149 1801 -
163 1782 253 1810 mollior
259 1782 365 1811 cuniculi
371 1782 454 1818 capillo
462 1799 469 1811 >

91 1817 234 1854 Velanfiris
241 1819 343 1848 medulla
351 1836 359 1848 ,
378 1819 426 1846 vel
429 1818 508 1846 imula
516 1818 616 1845 oricilla.
637 1817 783 1845 Lindenbr.

11 1864 13 1867 ’
54 1874 83 1892 m
102 1865 197 1893 Audiri
206 1865 429 1902 efficeretcausns]
449 1865 543 1893 Audiri
551 1865 681 1895 efficeret,
700 1867 750 1894 ait,
764 1873 822 1892 non

33 1939 41 1966 i
55 1939 172 1966 mandata
186 1946 251 1966 erat.
279 1939 374 1966 Paulus
390 1946 478 1966 autem
487 1939 616 1966 Notarius
631 1937 662 1965 ad
671 1938 823 1974 urgendum

21 1975 146 2006 2udicium
163 1975 300 2002 dumtaxat
314 1983 370 2003 erat
378 1976 484 2004 missus,
505 1982 537 2002 ut
547 1974 700 2002 Modestum
715 1977 823 2003 inaccu-

32 2019 89 2039 atos
103 2012 169 2039 laesae
185 2011 325 2046 majestatis
347 2010 431 2039 acrius
445 2013 572 2038 incitaret.
601 2013 698 2046 Neque
711 2011 820 2041 dubito,

4 2067 7 2070 -
41 2050 85 2076 uin
99 2048 195 2076 Paulus
208 2050 341 2076 Notarius
357 2049 469 2076 honoris
478 2048 555 2075 causa
566 2047 690 2075 Modesto
696 2047 823 2083 judicanti

0 2094 2 2099 ·
34 2084 144 2113 dsederit
157 2094 218 2112 cum
229 2084 284 2112 allis
294 2087 453 2112 Honoratis.
477 2083 617 2111 Interdum
632 2086 709 2111 etiam
718 2086 824 2112 Notarii

44 2122 160 2159 Principe
166 2121 232 2149 missi
243 2140 250 2151 ,
258 2130 309 2159 pro
319 2121 442 2148 tribunali
450 2120 649 2156 cognoscebant.
670 2122 744 2148 Sicin
754 2121 822 2149 Col-

43 2159 116 2185 tione
131 2157 331 2194 Carthaginensi
342 2157 427 2192 judex
442 2157 546 2185 sedebat
555 2157 723 2185 Marcellinus
739 2160 770 2186 V.
780 2159 823 2187 Cl.

47 2194 159 2222 ribunus
168 2196 195 2223 &
205 2196 353 2222 Notarius:
374 2196 400 2222 &
411 2195 582 2222 sozomenus
590 2196 615 2221 in
625 2194 665 2222 lib.
674 2203 699 2227 4.
714 2203 768 2231 cap.
780 2204 821 2223 tx.

853 1866 872 1893 li
880 1866 1023 1894 Constant.
1038 1866 1149 1904 aliisque
1162 1866 1294 1896 discimus.
1317 1867 1334 1883 *³
1344 1869 1486 1896 Oriundus
1504 1870 1555 1897 fuit
1565 1870 1673 1896 Thessa-

53 1910 107 1929 tem
115 1902 226 1930 audiret.
246 1904 314 1930 Nam
323 1902 456 1930 causarum
464 1903 584 1936 cognitio
594 1901 718 1928 Modesto
728 1902 824 1928 Comi·
851 1903 938 1931 Ionica
953 1904 1021 1932 urbe
1035 1905 1196 1932 Macedoniae
1214 1921 1221 1934 ‚
1251 1911 1282 1931 ut
1297 1907 1332 1931 ait
1349 1907 1522 1934 Sozomenus
1538 1908 1565 1933 in
1582 1906 1638 1932 libri
1650 1914 1671 1938 ς,

852 1942 935 1976 capite
951 1943 975 1968 8.
1000 1940 1074 1968 Idem
1089 1941 1200 1968 restatur
1218 1949 1297 1968 vetus
1313 1940 1457 1977 Inscriptio
1477 1942 1667 1978 Neapolitana,

853 1985 931 2013 quam
942 1978 1025 2004 refert
1034 1979 1172 2005 Gruterus
1187 1986 1241 2013 pag.
1253 1980 1328 2010 ¹908.
1349 1977 1367 1993 ’¹‘
1383 1978 1457 2005 Idem
1467 1978 1624 2006 Athanasius
1641 1981 1670 2006 in

852 2013 932 2051 Epist.
940 2013 971 2041 ad
981 2014 1122 2041 Solitarios
1132 2014 1252 2042 eumdem
1261 2014 1411 2050 Philippum
1428 2015 1551 2042 nondum
1562 2023 1673 2042 verten-

854 2058 880 2078 te
888 2060 959 2078 anno
969 2068 976 2079 ‚
997 2059 1054 2087 quo
1062 2051 1172 2079 Paulum
1182 2050 1326 2078 crudeliter
1335 2051 1482 2081 occiderat,
1502 2052 1667 2079 l'raefeAElurfi

851 2086 988 2124 bonisque
1003 2087 1146 2123 spoliatum
1161 2097 1189 2115 ac
1203 2086 1348 2122 relegatum
1363 2086 1458 2114 misere
1475 2088 1579 2123 periisse
1594 2088 1672 2115 resta-

852 2131 914 2152 tur:
937 2123 1012 2160 quod
1027 2124 1150 2161 equidem
1165 2124 1292 2151 demiror.
1322 2125 1391 2151 Nam
1407 2123 1534 2152 Zosimus
1550 2126 1576 2151 in
1592 2125 1634 2151 lib.
1644 2133 1670 2151 2.

851 2161 897 2189 ubi
907 2161 1126 2196 Magnentianum
1140 2161 1238 2188 bellum
1255 2168 1451 2187 commemorat
1460 2178 1467 2189 ‚
1486 2160 1603 2194 ejusdem
1613 2170 1669 2188 me=

852 2199 930 2225 minit
944 2197 1032 2234 paullo
1044 2206 1106 2225 ante
1115 2196 1253 2225 Mursense
1262 2196 1397 2232 proelium.
1415 2198 1565 2228 ΚωνςείγτιΘ.
1577 2199 1668 2231 ἐκπίμ-

0 2227 3 2230 '
49 2232 165 2259 orarium
181 2230 196 2259 a
212 2231 375 2259 Constantio
390 2231 495 2258 milium
506 2231 703 2261 Alexandriam,
723 2231 825 2259 multos
854 2247 889 2262 qm
904 2237 1010 2261 ‹nlmrmv
1027 2236 1047 2262 ὲν
1060 2238 1160 2270 gustem
1177 2235 1303 2269 α’ξιιέματιγ
1320 2234 1393 2270 ἔνθεοι
1404 2235 1524 2270 §efflei
1531 2236 1665 2269 ωξοῖχοντκ.

8 2268 14 2292 ι’
34 2267 117 2296 ivium
130 2266 254 2306 supplicio
268 2266 378 2297 affecisse
391 2267 460 2304 didt-
472 2276 477 2293 Ζ
495 2270 608 2301 Rae-panis
622 2280 654 2298 τις
668 2280 743 2305 »μγ-υ)
749 2270 826 2305 gnie&
842 2270 931 2311 fldem.

967 2306 1013 2348 Ii
