2007 2658
24 308 28 332 l

122 83 523 117 vav
536 82 586 107 n·
596 80 763 107 v2¹=¹²11=1³==0
890 82 1004 128 ΜΒ.
1022 85 1200 134 xxvi
1223 85 1459 138 efflavi.
1590 87 1681 154 ,⁶01

150 123 175 147 δι
185 121 282 146 valente
291 123 342 143 ΑΑ.
351 117 417 143 Coss.
425 122 497 142 Anno
505 115 562 140 Chr.
574 118 628 142 365.

26 198 27 206 ,
53 165 176 210 &cibus
199 163 326 202 alienis
337 170 416 200 erat
428 156 668 199 inexorabilis
687 160 725 197 ὅ(
739 154 926 203 crudelis,
955 159 1045 198 &in
1068 162 1204 201 rabido
1215 164 1331 203 corde
1348 162 1564 204 durissimus
1577 193 1590 211 ,
1618 179 1688 206 nee

26 215 27 261 l
54 217 255 263 reddendae
269 231 337 257 nec
345 213 575 268 accipiendae
588 213 743 251 rationis
756 226 940 266 umquam
954 226 1075 266 capax
1093 230 1101 253 :
1135 228 1158 241 ¹¹*
1170 218 1322 258 invisior
1334 220 1531 260 Cleandro
1545 249 1554 265 ,
1567 230 1686 274 quem

54 287 228 332 agentem
250 273 317 313 sub
343 273 578 323 Imperatore
599 268 831 308 Commodo
844 267 1113 309 Praefe&uram
1127 297 1139 316 ,
1169 270 1313 313 sublata
1323 277 1506 314 vecordia
1521 276 1686 316 diversas

54 334 215 387 legimus
227 327 373 370 vexasse
384 324 577 364 fortunas:
609 327 647 363 ὅτ
681 333 699 350 ¹¹
719 323 913 363 onerosior
925 324 1149 372 Plautiano,
1172 327 1458 378 quiPraefecCtus
1472 331 1606 370 itidem
1618 331 1686 371 sub

54 389 196 429 Severo
209 412 222 432 ,
255 383 353 423 ultra
373 380 534 421 mortale
559 390 710 419 tumens
734 380 872 420 euntia
892 379 1123 420 confuderat
1137 407 1148 427 ‚
1180 382 1218 420 ni
1240 382 1371 435 gladio
1388 386 1536 436 perisset
1549 387 1687 426 ultore.

55 445 157 485 Haec
179 437 373 481 lacrimosa
388 464 401 483 ,
431 449 518 490 quae
533 436 715 475 incitante
730 436 914 476 Petronio
929 436 998 487 sub
1008 436 1173 477 Valente
1187 436 1352 476 clausere
1365 441 1503 479 multas
1520 455 1687 494 pauper-

52 501 148 538 tinas
169 500 208 536 &
233 494 379 534 nobiles
400 492 539 532 domos
553 518 565 537 ,
597 491 981 545 impendentiumque
1004 491 1092 543 spes
1108 493 1298 539 atrocior,
1328 495 1623 546 provincialium
1645 501 1685 537 δε

50 548 216 595 militum
230 551 335 605 paria
347 549 582 602 gementium
607 546 768 586 sensibus
790 548 876 586 imis
892 547 1104 588 haerebant:
1134 551 1171 588 &
1183 548 1386 588 votis-licet
1398 548 1565 589 obscuris
1578 555 1616 590 ἃ
1631 562 1687 591 ta-

51 609 138 650 citis
149 607 385 662 permutatio
397 603 512 643 status
526 603 716 656 praesentis
727 616 805 656 ope
816 604 980 643 numinis
992 603 1130 644 summi
1146 631 1158 651 ‚
1191 604 1377 644 concordi
1395 605 1543 658 gemitu
1557 606 1688 658 posce-

50 666 172 707 batur.
205 663 306 716 Qiae
327 660 544 712 Procopius
565 658 724 698 latenter
735 660 926 712 accipiens
939 686 951 706 ‚
983 659 1263 712 arbitratusque
1288 660 1356 699 ubi
1368 659 1518 700 felicius
1551 669 1567 693 9
1586 664 1689 701 acci-

44 721 151 762 ‘derit
171 718 296 758 fatum
308 744 321 763 ,
353 716 513 769 negotio
526 713 601 754 levi
614 715 663 754 ad
686 715 835 768 apicem
849 714 1005 754 summa:
1023 714 1225 768 potestatis
1237 715 1394 762 assumi,
1423 715 1635 755 subsidebat
1647 727 1689 755 ut

49 775 259 832 praedatrix
281 771 420 818 bestia,
451 771 532 810 viso
553 770 665 824 quod
686 771 774 822 capi
793 780 946 823 poterat
968 772 1145 822 protinus
1159 782 1357 824 eruptura.
1390 772 1471 811 Cui
1493 771 1575 812 haec
1599 785 1688 825 quae

47 830 263 872 maturabat
283 827 454 872 ardenti,
484 824 564 864 fors
586 826 684 865 hanc
707 826 903 865 materiam
921 826 1031 865 dedit
1056 827 1255 880 impendio
1268 826 1546 880 tempestivam.
1579 827 1690 867 Con-

45 888 199 940 sumpta
210 885 334 924 hieme
346 881 522 922 festinans
534 880 584 920 ad
605 881 752 936 Syriam
765 881 909 921 Valens
920 908 932 928 ,
967 891 976 906 ¹
992 883 1156 936 jamque
1167 882 1260 922 fines
1274 883 1535 938 Bithynorum
1548 882 1689 937 ingres-

45 943 128 989 sus,
159 942 322 981 docetur
333 937 578 978 relationibus
589 936 735 977 ducum
747 964 759 983 ,
788 947 942 991 gentem
956 936 1182 978 Gothorum
1206 952 1250 978 ea
1260 938 1485 992 tempestate
1505 940 1689 978 intaetam

43 1007 62 1026 ²
80 997 249 1050 ideoque
261 992 497 1034 saeviffimam
512 1018 525 1038 ,
545 992 826 1047 conspirantem
837 994 875 1032 in
892 1007 1011 1033 unum
1025 995 1074 1034 ad
1092 995 1336 1048 pervadenda
1353 995 1475 1049 parari
1487 995 1689 1034 collimitia

41 1053 305 1095 Thraciarum
318 1049 497 1103 :ihocque
510 1050 697 1103 cognito,
725 1059 770 1088 ut
788 1050 1063 1103 impraepedito
1083 1049 1161 1112 ipse
1186 1062 1361 1104 pergeret
1383 1052 1465 1104 quo
1477 1050 1661 1089 tendebat
1674 1077 1689 1097 ,

44 1106 235 1152 ‘sufficiens
247 1107 422 1160 equitum
436 1104 701 1158 adjumentum
716 1108 754 1145 &
766 1105 943 1158 peditum
959 1107 1062 1146 mitti
1064 1107 1078 1159 j
1085 1107 1172 1146 ussit
1188 1107 1238 1145 ad
1250 1106 1337 1145 loca
1353 1133 1363 1150 ,
1393 1106 1586 1159 inquibus
1600 1106 1688 1145 bar-

46 1165 165 1211 barici
185 1162 417 1205 timebantur
437 1160 627 1200 excursus.
660 1161 827 1202 Dimoto
849 1162 982 1214 itaque
1004 1161 1156 1216 longius
1173 1161 1376 1216 Principe,
1395 1161 1627 1215 ¹Procopius
1638 1175 1696 1200 ae·-

46 1222 191 1262 rumnis
203 1219 394 1260 diuturnis
406 1217 616 1264 attritus,&
627 1217 689 1257 vel
700 1226 870 1256 atrocem
882 1228 1047 1257 mortem
1062 1218 1349 1257 clementiorem
1362 1228 1465 1256 ratus
1479 1218 1587 1256 malis
1599 1217 1688 1270 qui-

0 1309 6 1315 .
45 1277 116 1318 bus
125 1274 385 1317 afflicttabatur
395 1300 406 1320 ,
441 1272 560 1313 aleam
574 1272 834 1327 periculorum
847 1275 1023 1312 omnium
1030 1274 1127 1327 jecit
1139 1274 1323 1326 abrupte:
1348 1274 1601 1325 extremaque
1604 1275 1693 1325 jam¹

30 2295 33 2331 l

31 2373 33 2406 z

29 2479 34 2534 l

27 2598 34 2658 l

46 1333 199 1387 perpeti
224 1342 471 1385 nequaquam
491 1330 628 1369 timens
640 1355 652 1376 ,
682 1339 878 1383 praeeunte
900 1330 1053 1382 perdita
1063 1331 1209 1369 ratione
1219 1328 1367 1368 facinus
1379 1329 1554 1368 adoritur
1564 1328 1682 1367 auda-

45 1388 250 1434 ciffimum,
266 1395 284 1412 0
304 1382 520 1426 Divitenses
542 1384 894 1438 Tungricanosque
900 1387 1073 1436 juniores
1085 1386 1133 1425 ad
1146 1385 1389 1439 procinsshm
1402 1395 1602 1438 urgentem
1616 1397 1685 1437 per

45 1443 237 1484 Thracias
251 1443 348 1482 inter
361 1440 456 1480 alios
467 1439 627 1480 celerare
640 1439 844 1494 dispositos
858 1444 897 1480 δε
911 1440 1253 1494 Constantinopoli
1265 1451 1480 1480 moraturos
1496 1438 1688 1479 sollemni-

45 1509 102 1540 ter
112 1499 275 1540 biduum
288 1525 300 1544 ,
329 1510 398 1551 per
410 1495 597 1550 quosdam
611 1510 659 1536 ex
671 1495 803 1536 iisdem
818 1497 982 1536 numeris
996 1508 1110 1536 notos
1123 1496 1323 1536 sollicitare
1337 1509 1567 1549 properans:
1595 1495 1688 1548 quia

43 1569 132 1596 cum
143 1554 322 1594 omnibus
331 1553 443 1606 loqui
456 1552 714 1606 periculosum
725 1561 805 1591 erat
815 1555 853 1591 ὃ(
865 1552 1028 1592 arduum
1041 1579 1053 1599 ‚
1085 1552 1202 1592 fidem
1217 1564 1429 1604 paucorum
1442 1552 1571 1604 elegit.
1603 1551 1687 1603 Qui

0 1636 1 1643 κ
44 1611 198 1666 pellecti
217 1610 281 1664 spe
295 1608 543 1662 praemiorum
565 1608 802 1660 ingentium,
835 1606 903 1647 sub
925 1607 1209 1647 consecratione
1213 1607 1464 1660 jurisjurandi
1478 1605 1686 1660 promisere

0 1682 3 1704 ¹.
41 1667 78 1708 fe
89 1680 176 1722 quae
188 1665 302 1707 vellet
314 1664 451 1704 cuneta
463 1661 630 1703 faemos
645 1677 654 1702 ι
685 1660 860 1704 favorem
874 1676 1037 1718 quoque
1049 1663 1217 1717 polliciti
1227 1663 1528 1702 conturmalium
1545 1690 1556 1706 ,
1585 1662 1684 1701 inter

43 1735 143 1778 quos
157 1720 226 1774 ipsi
251 1721 444 1775 potiorem
460 1719 589 1759 locum
601 1717 827 1760 obtinebant
839 1720 878 1760 in
891 1718 1086 1760 suadendo
1101 1747 1114 1767 ‚
1150 1729 1166 1756 Ρ
1185 1717 1384 1773 stipendiis
1404 1717 1630 1758 excellentes
1644 1721 1685 1757 δε

80 1824 97 1849 9
116 1813 163 1849 MJ.
178 1812 306 1840 adsident.
344 1820 357 1839 ι
378 1810 422 1839 ΑΙ.
437 1812 489 1846 jam
506 1810 582 1839 fines.
619 1820 635 1838 2
655 1811 701 1839 Al.
720 1812 849 1840 eamdem-
878 1810 970 1838 strenfi
979 1810 1004 1837 id
1014 1818 1151 1847 receptum
1159 1817 1281 1841 erat,.ut
1290 1818 1346 1836 non
1356 1810 1463 1845 aequah'a
1477 1808 1580 1836 cunflis
1596 1809 1686 1835 militi-

0 1862 2 1867 *
42 1859 96 1889 que
106 1850 248 1878 saeviffime.
879 1848 950 1875 tibus
969 1847 1090 1884 stipendia
1106 1854 1331 1875 numerarentur:
1353 1846 1397 1873 sed
1412 1848 1522 1873 novitiis
1543 1845 1685 1881 quidemac

875 1885 1010 1911 tironibus
1018 1883 1345 1920 minora,promotioribus
1352 1892 1440 1910 autem
1448 1881 1587 1918 mediaque
1597 1883 1684 1916 jamin

113 1922 497 1959 ---privatt'scre2fcuntaeraria
505 1920 612 1949 damnis.
628 1921 772 1950 Lindenbr.
876 1921 1012 1948 matricula
1027 1921 1159 1956 inscripris
1175 1921 1291 1954 majora:
1310 1921 1449 1946 veteranis
1465 1928 1553 1946 autem
1562 1921 1684 1954 quimox

77 1968 105 1986 m
124 1958 232 1996 Invistor
240 1958 382 1995 Cleandro]
406 1959 558 1994 Spartianus
584 1961 612 1987 in
637 1958 802 1987 Commodo.
820 1960 845 1985 1-
871 1958 1128 1987 dimittendieffent‚
1147 1958 1234 1984 multo
1243 1956 1357 1989 majora:
1373 1954 1429 1991 quo
1440 1957 1468 1984 &
1482 1955 1528 1991 ipsi
1539 1955 1683 1982 sacramen-

0 2017 7 2024 (
43 1995 110 2024 dms
875 2002 905 2021 to
915 1995 996 2022 soluti
1005 1994 1138 2029 reliquum
1148 1996 1210 2020 vitae
1219 1990 1318 2019 felicius
1327 1992 1435 2027 degere,
1456 1993 1483 2019 δε
1499 1991 1612 2027 posteris
1629 1991 1682 2019 suis

46 2036 58 2052 s
72 2035 184 2066 ,notter
207 2041 243 2058 ior
251 2031 403 2068 Plautiano]
425 2033 612 2068 Spartianus&
631 2031 802 2060 Herodianus
817 2032 844 2058 in
873 2032 1028 2059 solatiiloco
1036 2030 1133 2066 aliquid
1143 2031 1248 2065 possent
1264 2029 1454 2055 transmittere.
1473 2029 1505 2055 In
1520 2028 1620 2055 horum
1635 2038 1682 2056 au-

44 2071 154 2098 Sbvetou
162 2071 182 2096 :I
199 2077 245 2095 em·
602 2082 607 2083 ⁷
789 2094 792 2097 r
874 2077 927 2096 tem
936 2070 1091 2096 abeuntium
1101 2067 1189 2094 locum
1198 2066 1293 2093 milites
1302 2065 1397 2092 ordine
1409 2065 1552 2092 inferiores
1562 2064 1681 2092 succede-

55 2107 70 2132 ’,ι
81 2102 261 2140 &Divitenses
275 2104 483 2141 Tungritanasque
485 2104 618 2141 juniores]
639 2107 720 2133 Levis
734 2106 844 2134 variatio
872 2115 902 2133 re
909 2106 1043 2134 solebant.
1062 2103 1225 2138 &ampliora
1234 2102 1358 2137 stipendia
1367 2110 1419 2136 pro
1427 2101 1488 2128 loco
1497 2103 1523 2128 &
1533 2101 1615 2136 gradu
1631 2101 1681 2129 suo

45 2141 188 2176 lihdmlu.
206 2140 528 2179 Divitenfibuspraefidebat
539 2138 751 2178 &augrimum
770 2143 809 2169 Ut
817 2150 844 2168 e-
872 2142 1020 2178 consequi,
1039 2147 1069 2168 ut
1085 2139 1172 2166 scribit
1194 2141 1344 2174 Procopius
1359 2139 1386 2165 in
1412 2137 1559 2165 Anecdotis
1577 2147 1598 2172 p.
1623 2146 1681 2170 104.

49 2179 110 2205 riam
119 2179 146 2205 in
153 2179 253 2205 Notiria
263 2180 368 2216 Imperii
379 2188 385 2205 :
401 2177 450 2205 Sub
458 2176 606 2214 dispqsitione
615 2181 671 2206 viri
678 2178 778 2212 illustris
785 2180 844 2205 Ma·
874 2181 935 2214 Qa
948 2186 1037 2206 autem
1055 2178 1159 2203 ratione
1172 2176 1212 2203 hae
1229 2177 1416 2211 promotiones
1430 2176 1457 2201 in
1467 2173 1558 2201 militia
1567 2173 1682 2205 fierent,

42 2213 226 2251 &stripedimm
234 2214 400 2251 Praesentalis,
419 2214 565 2251 Divitenses
564 2215 686 2250 seniores,
708 2216 843 2251 Tungrica-
875 2214 1098 2249 docet-vegetius
1115 2212 1202 2239 inalib.
1213 2220 1237 2238 2.
1255 2220 1355 2247 capax.
1374 2212 1461 2246 Igitur
1469 2210 1620 2246 quimilitiae
1630 2219 1684 2237 no-

45 2249 190 2286 niseniores„
205 2250 284 2279 Idem.
877 2262 937 2281 men
945 2252 1037 2280 dabat,
1057 2248 1223 2284 postremum
1233 2248 1345 2283 legionis
1362 2249 1452 2275 locum
1467 2247 1600 2274 obtinebat
1611 2266 1618 2277 ,
1631 2247 1682 2273 doe

71 2294 97 2323 .1>
117 2285 249 2324 stipendiis
256 2286 437 2321 excenentes&
455 2290 580 2325 meritis]
605 2287 662 2316 Usu
681 2289 708 2318 ὃς
723 2287 781 2324 lege
789 2288 847 2317 Ca·
875 2300 923 2319 nec
937 2285 1124 2318 decedentibus
1141 2284 1249 2313 subinde
1263 2285 1317 2313 aliis
1333 2293 1413 2322 atque
1421 2283 1490 2313 aliis,
1510 2282 1542 2311 ad
1557 2283 1681 2312 altiorem

1038 2322 1137 2363 Rrr
1168 2335 1190 2377 3
