2007 2658
291 105 396 171 723
496 99 941 156 EXCERPTA
983 101 1078 152 DE
1112 100 1796 163 THE0n0R100‚&c.

292 185 500 228 occiditur.
531 183 704 224 Rediens
715 181 835 238 igitur
846 180 941 223 Rex
953 179 1206 227 Ravennam,
1235 179 1401 221 trastans
1422 194 1501 222 non
1513 192 1558 222 ut
1581 183 1658 225 Dei
1679 184 1826 225 amicus
1842 211 1856 233 ,
1882 183 1951 229 sed

293 244 370 298 legi
385 244 466 296 ejus
479 241 657 281 inimicus
671 266 683 286 ‚
716 239 921 279 immemor
932 235 1056 279 fastus
1068 237 1195 277 omnis
1207 237 1286 291 ejus
1303 236 1532 279 beneficii&
1543 240 1678 293 gratiae
1691 253 1812 294 quam
1823 241 1860 280 ei
1883 241 1952 282 de-

293 300 404 342 derat
417 327 430 347 ,
461 297 663 339 confidens
681 296 719 335 in
732 294 888 335 brachio
897 295 966 334 suo
979 323 990 341 ‚
1017 296 1108 334 item
1124 292 1280 334 credens
1293 294 1507 348 quodcum
1534 293 1950 352 pertimesceretJusti-
1979 321 1988 333 ιι

1970 331 1996 413 'l

294 370 368 398 nus
383 356 645 410 Imp.mittens
658 356 695 394 &
708 364 873 392 evocans
888 350 1342 404 RavennamJohannem
1354 349 1461 391 Sedis
1473 351 1715 407 Apostolicae
1727 352 1949 399 Praesulerm

1986 160 1991 173 Ὢ

293 417 333 455 &
347 413 443 454 dicit
455 413 505 452 ad
516 425 603 452 eum
618 426 625 450 :
641 407 807 451 Ambula
820 406 1206 459 Constantinopolim
1221 406 1472 461 adJustinum
1486 408 1586 464 Imp.
1610 413 1648 462 &
1660 410 1726 450 dic
1738 410 1773 450 ei
1784 411 1884 451 inter
1908 423 1951 451 a·

294 470 348 511 lia
361 497 375 517 ‚
404 480 449 510 ut
463 468 733 508 reconciliatos
743 464 944 505 haereticos
957 465 994 503 in
1007 463 1400 504 Catholicarestituat
1416 464 1609 531 religione.
1641 466 1724 508 Cui
1749 466 1858 521 Papa
1880 465 1950 521 Ιο-
1980 470 1984 476 ”

293 526 437 567 hannes
448 527 501 566 ita
517 521 730 580 respondit:
745 520 868 575 QlOd
880 518 1050 560 fasturus
1060 533 1099 561 es
1117 547 1130 567 ,
1161 520 1252 561 Rex
1264 548 1276 568 ‚
1303 518 1426 561 facito
1437 522 1563 562 citius.
1597 521 1700 564 Ecce
1726 523 1766 564 in
1779 521 1950 578 conspeff

288 583 362 626 stu
382 594 453 624 tuo
461 582 579 624 adsto.
613 579 708 620 Hoc
721 578 790 617 tibi
804 589 878 631 ego
895 590 972 616 non
985 577 1177 631 promitto
1187 590 1250 617 me
1260 575 1454 618 saetarum
1467 607 1477 623 ‚
1510 578 1650 619 necilli
1665 579 1840 620 diuurus
1849 579 1953 621 sums

294 640 407 683 Nam
419 638 548 681 inaliis
560 635 677 676 causis
690 634 832 688 quibus
850 632 944 673 mihi
957 634 1166 686 injunxeris
1178 662 1188 676 ‚
1221 633 1396 674 obtinere
1413 634 1464 675 ab
1485 634 1625 675 eodem
1643 644 1835 676 annuente
1859 636 1951 677 Deo

294 708 449 754 potero.
474 694 593 749 Jubet
604 704 696 745 ergo
712 690 801 730 Rex
809 691 928 729 iratus
937 703 1072 730 navem
1086 691 1318 744 praeparari,
1348 695 1387 731 &
1399 690 1741 746 superimpositum
1757 705 1844 733 eum
1857 704 1951 734 cum

293 754 376 795 aliis
389 750 591 807 Episcopis
604 775 617 795 ‚
648 747 689 787 id
700 746 754 787 est
767 746 981 787 Ecclesium
996 746 1261 788 Ravennatem
1274 751 1312 788 ὃς
1336 747 1538 788 Eusebium
1561 748 1595 788 F
1597 747 1783 790 anestrem
1793 777 1808 798 ,
1839 749 1951 791 Sabi-

291 823 387 851 num
400 810 648 862 Campanum
661 833 673 853 ,
706 808 745 846 &
758 804 852 844 alios
864 803 963 844 duos
976 802 1108 852 simul,
1138 807 1176 845 &
1193 803 1394 845 Senatores
1408 804 1654 854 Theodoro,
1688 806 1950 861 Importuno,

288 866 470 921 ¹Agapito
482 893 492 909 ‚
522 867 559 904 &
574 863 650 902 alio
663 862 856 916 Agapito·
884 861 962 902 Sed
981 861 1088 902 Deus
1101 862 1171 916 qui
1185 860 1317 902 fideles
1330 861 1497 903 cultores
1510 862 1596 903 suos
1610 876 1688 904 non
1699 862 1950 911 deserit,cum

292 922 548 978 prosperitate
563 919 761 974 perduxit.
797 918 880 959 Cui
890 917 1065 973 Justinus
1077 918 1181 972 Imp.
1196 919 1363 959 venienti
1376 919 1429 958 ita
1440 920 1611 960 occurrit
1624 947 1636 967 ,
1651 932 1696 960 ac
1709 918 1735 959 fi
1749 918 1796 961 B.
1809 919 1948 961 Petro:

291 979 355 1019 cui
367 978 458 1019 data
469 978 662 1032 legatione
674 1004 685 1023 ,
714 976 844 1016 omnia
855 974 1072 1029 repromisit
1085 973 1277 1016 &fiturum
1289 1003 1299 1019 ‚
1332 984 1472 1030 praeter
1483 976 1754 1016 reconciliatos
1768 974 1887 1030 quise
1900 975 1951 1016 fi-

290 1036 356 1076 dei
366 1035 585 1077 Catholicae
598 1032 787 1074 dederunt
802 1060 813 1079 ‚
833 1033 982 1072 Arianis
996 1030 1141 1072 restitui
1153 1031 1370 1072 nullatenus
1383 1031 1500 1084 posse.
1532 1032 1610 1072 Sed
1620 1032 1715 1073 dum
1730 1031 1814 1073 haec
1824 1045 1947 1088 agun-

289 1103 354 1133 tur
365 1120 378 1140 ‚
404 1089 660 1149 Symmachus
673 1101 792 1144 caput
801 1088 932 1129 Senati
945 1116 957 1135 ‚
988 1090 1096 1144 cujus
1109 1087 1300 1128 Boethius
1313 1087 1434 1128 filiam
1447 1087 1582 1128 habuit
1594 1100 1758 1128 uxorem
1770 1115 1784 1135 ,
1811 1089 1944 1130 dedu-i·

289 1150 392 1190 citur
402 1149 453 1189 de
462 1149 596 1189 Roma
609 1147 848 1187 Ravennam.
882 1145 1066 1186 Metuens
1076 1145 1172 1186 vero
1186 1145 1275 1185 Rex
1284 1158 1332 1185 ne
1342 1144 1481 1185 dolore
1494 1144 1625 1200 generi
1635 1143 1791 1198 aliquid
1809 1143 1952 1187 advet-

291 1206 350 1246 sus
361 1218 524 1260 regnum
537 1206 617 1256 ejus
630 1203 810 1244 trauaret
817 1230 830 1250 ,
852 1202 1007 1256 objefito
1020 1201 1295 1256 criminejussit
1306 1200 1488 1242 interfici.
1520 1201 1737 1242 Revertens
1745 1201 1951 1258 igiturJoe

288 1262 429 1303 hannes
453 1262 561 1315 Papa
583 1263 604 1300 a
624 1259 780 1314 Justino
792 1287 805 1306 ‚
836 1258 1241 1313 quemTheodericus
1261 1272 1351 1299 cum
1364 1259 1462 1300 dolo
1473 1258 1663 1313 suscepit,
1691 1259 1785 1300 &in
1799 1257 1948 1300 offensa

288 1318 354 1360 sua
364 1332 452 1359 eum
464 1318 537 1359 csse
542 1317 653 1372 jubet
665 1332 672 1356 :
704 1318 774 1371 qui
785 1315 871 1368 post
883 1329 1028 1370 paucos
1039 1316 1120 1357 dies
1133 1314 1341 1357 defun&us
1352 1314 1420 1356 est.
1450 1315 1557 1371 Ergo
1573 1327 1706 1356 euntes
1719 1315 1861 1370 populi
1883 1330 1952 1357 an-

289 1386 330 1417 te
341 1374 611 1430 corpusculum
625 1375 705 1428 ejus
720 1400 732 1420 ,
765 1372 894 1412 subite>
907 1386 1004 1413 unus
1016 1373 1066 1414 de
1079 1373 1192 1414 turba
1205 1373 1388 1426 abreptus
1399 1372 1598 1414 daemonio
1610 1373 1754 1414 cecidit
1765 1400 1778 1420 ,
1798 1376 1838 1414 &
1849 1372 1950 1414 dum

289 1432 520 1487 pervenisset
533 1444 622 1472 cum
635 1430 778 1471 lefssulo
788 1430 855 1469 ubi
866 1429 986 1470 leuus
1000 1440 1080 1470 erat
1093 1429 1214 1485 usque
1223 1430 1273 1470 ad
1291 1430 1488 1470 hominem
1501 1458 1514 1477 ‚
1543 1429 1674 1470 subito
1696 1429 1806 1470 sanus
1824 1427 1952 1470 surre-

289 1491 350 1531 xit
362 1517 375 1537 ,
405 1493 442 1530 &
463 1487 706 1544 praecedebat
719 1487 756 1527 in
771 1484 987 1540 exsequias.
1017 1487 1141 1541 Qiod
1155 1486 1330 1527 videntes
1341 1487 1483 1541 populi
1504 1490 1545 1527 &
1556 1486 1758 1527 Senatores
1771 1513 1784 1533 ‚
1813 1499 1950 1541 coepe·

290 1557 380 1586 runt
395 1546 573 1600 reliquias
584 1544 635 1585 de
646 1542 750 1585 veste
760 1545 841 1597 ejus
852 1543 998 1584 tollere.
1028 1543 1093 1584 Sic
1106 1557 1199 1584 cum
1208 1542 1360 1584 summo
1376 1543 1523 1598 gaudio
1539 1543 1680 1598 populi
1688 1542 1881 1583 deduekus
1892 1540 1950 1583 est

289 1615 436 1657 corpus
455 1604 535 1656 ejus
562 1601 660 1641 foris
677 1601 889 1641 civitatem.
921 1600 1049 1654 Igitur
1066 1600 1322 1655 Symmachus
1333 1599 1593 1641 Scholasticus
1606 1599 1769 1656 Judaeus
1786 1598 1948 1651 jubente

291 1673 370 1700 non
384 1659 496 1713 Rege
505 1687 516 1704 ,
547 1656 612 1697 sed
624 1667 789 1711 tyranno
800 1683 812 1702 ,
842 1655 1006 1696 dictavit
1023 1667 1220 1710 praecepta
1229 1657 1292 1696 die
1302 1667 1440 1710 quarta
1451 1656 1547 1697 feria
1559 1685 1569 1701 ,
1597 1656 1764 1710 septimo
1776 1653 1948 1695 Kalend.

290 1716 493 1771 Septemb.
508 1713 728 1754 Indi&ione
744 1725 802 1752 1v.
816 1711 989 1768 Olybrio
1001 1711 1173 1752 Consule
1183 1742 1194 1757 ‚
1206 1723 1250 1752 ut
1261 1712 1326 1752 die
1339 1713 1553 1753 Dominico
1562 1712 1791 1752 adveniente
1812 1710 1948 1752 Ariani

289 1772 461 1815 basilicas
474 1769 703 1812 Catholicas
715 1768 950 1810 invaderent.
979 1768 1057 1809 Sed
1069 1769 1227 1822 quinon
1241 1768 1388 1820 patitur
1409 1767 1542 1808 fideles
1555 1768 1723 1809 cultores
1735 1767 1823 1808 suos
1839 1766 1889 1807 ab
1908 1780 1951 1807 a·

291 1829 489 1884 lienigenis
503 1826 691 1882 opprimi,
703 1839 798 1865 mox
812 1824 942 1864 intulit
953 1824 990 1864 in
1003 1838 1090 1864 eum
1105 1823 1328 1864 sententiam
1342 1824 1425 1864 Arii
1437 1852 1449 1871 ‚
1460 1825 1627 1865 auuoris
1638 1823 1831 1878 religionis
1842 1824 1923 1875 ejus
1934 1837 1948 1863 z

291 1886 444 1929 fluxum
456 1885 600 1925 ventris
613 1883 773 1922 incurrit
786 1909 797 1929 ,
820 1884 857 1922 &
872 1880 969 1920 dum
983 1882 1081 1921 intra
1093 1880 1225 1921 triduo
1238 1890 1447 1922 evacuatus
1459 1879 1585 1922 fuisset
1597 1907 1609 1928 ,
1633 1880 1772 1920 eodem
1786 1879 1852 1920 die
1863 1892 1951 1934 quo

292 1940 329 1983 se
349 1941 545 1998 gaudebat
555 1938 742 1981 Ecclesias
758 1937 939 1979 invadere
953 1964 965 1984 ,
996 1936 1107 1978 simul
1120 1950 1281 1992 regnum
1294 1940 1334 1978 &
1361 1937 1526 1978 animam
1540 1936 1679 1977 amisit.
1710 1936 1818 1991 Ergo
1840 1944 1948 1976 ante-

292 2013 411 2056 quam
422 1998 618 2040 exhalaret
631 2024 643 2044 ‚
673 2007 858 2050 nepotem
871 1993 981 2034 suum
995 1993 1261 2035 Athalaricum
1275 1994 1313 2033 in
1326 2006 1487 2048 regnum
1501 1993 1711 2035 constituit.
1744 1993 1793 2033 Se
1816 2003 1948 2034 autem

293 2057 386 2097 vivo
397 2055 490 2096 fecit
503 2054 570 2096 sibi
581 2062 878 2094 monumentum
888 2065 936 2092 ex
947 2050 1078 2105 lapide
1089 2049 1284 2105 quadrato
1295 2078 1308 2098 ,
1338 2052 1444 2093 mirae
1457 2049 1734 2107 magnitudinis
1745 2063 1847 2106 opus
1855 2077 1870 2100 ‚
1902 2053 1945 2092 &

294 2112 426 2156 saxum
440 2113 634 2169 ingentem
645 2122 766 2167 quem
777 2108 1053 2165 superponeret
1064 2135 1078 2157 ,
1108 2106 1319 2162 inquisivit.
