<?xml version="1.0" encoding="UTF-8"?>
<!DOCTYPE html PUBLIC "-//W3C//DTD XHTML 1.0 Transitional//EN"
    "http://www.w3.org/TR/xhtml1/DTD/xhtml1-transitional.dtd">
<html xmlns="http://www.w3.org/1999/xhtml" xml:lang="en" lang="en">
 <head>
  <title>
</title>
<meta http-equiv="Content-Type" content="text/html;charset=utf-8" />
  <meta name='ocr-system' content='tesseract 3.04.00' />
  <meta name='ocr-capabilities' content='ocr_page ocr_carea ocr_par ocr_line ocrx_word'/>
</head>
<body>
  <div class='ocr_page' id='page_1' title='image "ammianimarcellin00ammi_0818.png"; bbox 0 0 2007 2658; ppageno 0'>
   <div class='ocr_carea' id='block_1_1' title="bbox 279 91 1576 164">
    <p class='ocr_par' dir='ltr' id='par_1_1' title="bbox 279 91 1576 164">
     <span class='ocr_line' id='line_1_1' title="bbox 279 91 1576 164; baseline -0.005 -19"><span class='ocrx_word' id='word_1_1' title='bbox 279 104 381 164; x_wconf 64' lang='lat'>716</span> <span class='ocrx_word' id='word_1_2' title='bbox 732 91 1576 144; x_wconf 80' lang='lat' dir='ltr'>EXCERPTA</span> 
     </span>
    </p>
   </div>
   <div class='ocr_carea' id='block_1_2' title="bbox 278 158 1987 503">
    <p class='ocr_par' dir='ltr' id='par_1_2' title="bbox 278 158 1987 503">
     <span class='ocr_line' id='line_1_2' title="bbox 278 158 1939 225; baseline -0.007 -13"><span class='ocrx_word' id='word_1_3' title='bbox 278 176 370 225; x_wconf 79' lang='lat' dir='ltr'>Ejus</span> <span class='ocrx_word' id='word_1_4' title='bbox 398 168 556 209; x_wconf 80' lang='lat' dir='ltr'>fratrem</span> <span class='ocrx_word' id='word_1_5' title='bbox 579 163 881 207; x_wconf 87' lang='lat' dir='ltr'>Annibalianum</span> <span class='ocrx_word' id='word_1_6' title='bbox 904 160 995 202; x_wconf 76' lang='lat' dir='ltr'>data</span> <span class='ocrx_word' id='word_1_7' title='bbox 1019 162 1055 201; x_wconf 92' lang='lat' dir='ltr'>ei</span> <span class='ocrx_word' id='word_1_8' title='bbox 1075 160 1331 202; x_wconf 68' lang='lat' dir='ltr'>Constantina</span> <span class='ocrx_word' id='word_1_9' title='bbox 1355 158 1436 201; x_wconf 73' lang='lat' dir='ltr'>filia</span> <span class='ocrx_word' id='word_1_10' title='bbox 1457 159 1545 206; x_wconf 71' lang='lat' dir='ltr'>sua,</span> <span class='ocrx_word' id='word_1_11' title='bbox 1572 160 1715 217; x_wconf 86' lang='lat' dir='ltr'>Regem</span> <span class='ocrx_word' id='word_1_12' title='bbox 1739 160 1939 217; x_wconf 73' lang='lat' dir='ltr'>Regum&amp;</span> 
     </span>
     <span class='ocr_line' id='line_1_3' title="bbox 283 216 1940 279; baseline -0.005 -11"><span class='ocrx_word' id='word_1_13' title='bbox 283 229 532 272; x_wconf 84' lang='lat' dir='ltr'>Ponticarum</span> <span class='ocrx_word' id='word_1_14' title='bbox 555 224 727 279; x_wconf 88' lang='lat' dir='ltr'>gentium</span> <span class='ocrx_word' id='word_1_15' title='bbox 749 217 959 260; x_wconf 87' lang='lat' dir='ltr'>constituit.</span> <span class='ocrx_word' id='word_1_16' title='bbox 991 219 1048 257; x_wconf 91' lang='lat' dir='ltr'>Ita</span> <span class='ocrx_word' id='word_1_17' title='bbox 1079 229 1122 257; x_wconf 91' lang='lat' dir='ltr'>ut</span> <span class='ocrx_word' id='word_1_18' title='bbox 1144 217 1289 258; x_wconf 87' lang='lat' dir='ltr'>Gallias</span> <span class='ocrx_word' id='word_1_19' title='bbox 1316 216 1593 257; x_wconf 87' lang='lat' dir='ltr'>Constantinus</span> <span class='ocrx_word' id='word_1_20' title='bbox 1616 219 1744 257; x_wconf 87' lang='lat' dir='ltr'>minor</span> <span class='ocrx_word' id='word_1_21' title='bbox 1763 218 1940 274; x_wconf 86' lang='lat' dir='ltr'>regebat.</span> 
     </span>
     <span class='ocr_line' id='line_1_4' title="bbox 282 272 1942 328; baseline -0.008 -4"><span class='ocrx_word' id='word_1_22' title='bbox 282 286 491 327; x_wconf 81' lang='lat' dir='ltr'>Orientem</span> <span class='ocrx_word' id='word_1_23' title='bbox 504 273 966 328; x_wconf 80' lang='lat' dir='ltr'>Constantius,Africam</span> <span class='ocrx_word' id='word_1_24' title='bbox 982 301 992 319; x_wconf 89' lang='lat'>‚</span> <span class='ocrx_word' id='word_1_25' title='bbox 1010 273 1203 327; x_wconf 80' lang='lat' dir='ltr'>Illyricum</span> <span class='ocrx_word' id='word_1_26' title='bbox 1228 278 1265 315; x_wconf 73' lang='grc' dir='ltr'>ὅ(</span> <span class='ocrx_word' id='word_1_27' title='bbox 1288 273 1433 314; x_wconf 88' lang='lat' dir='ltr'>Italiam</span> <span class='ocrx_word' id='word_1_28' title='bbox 1455 272 1670 321; x_wconf 90' lang='lat' dir='ltr'>Constans,</span> <span class='ocrx_word' id='word_1_29' title='bbox 1692 275 1826 328; x_wconf 84' lang='lat' dir='ltr'>Ripam</span> <span class='ocrx_word' id='word_1_30' title='bbox 1856 277 1942 316; x_wconf 77' lang='lat' dir='ltr'>Go-</span> 
     </span>
     <span class='ocr_line' id='line_1_5' title="bbox 281 311 1987 387; baseline -0.006 -5"><span class='ocrx_word' id='word_1_31' title='bbox 281 341 427 382; x_wconf 86' lang='lat' dir='ltr'>thicam</span> <span class='ocrx_word' id='word_1_32' title='bbox 455 336 668 377; x_wconf 80' lang='lat' dir='ltr'>Dalmatius</span> <span class='ocrx_word' id='word_1_33' title='bbox 691 333 876 374; x_wconf 90' lang='lat' dir='ltr'>tuebatur.</span> <span class='ocrx_word' id='word_1_34' title='bbox 908 333 1006 371; x_wconf 91' lang='lat' dir='ltr'>Item</span> <span class='ocrx_word' id='word_1_35' title='bbox 1031 329 1308 370; x_wconf 86' lang='lat' dir='ltr'>Constantinus</span> <span class='ocrx_word' id='word_1_36' title='bbox 1319 329 1558 370; x_wconf 73' lang='lat' dir='ltr'>cumbellum</span> <span class='ocrx_word' id='word_1_37' title='bbox 1576 342 1726 384; x_wconf 82' lang='lat' dir='ltr'>pararet</span> <span class='ocrx_word' id='word_1_38' title='bbox 1737 333 1773 369; x_wconf 90' lang='lat' dir='ltr'>in</span> <span class='ocrx_word' id='word_1_39' title='bbox 1789 332 1943 380; x_wconf 83' lang='lat' dir='ltr'>Persas,</span> <span class='ocrx_word' id='word_1_40' title='bbox 1973 311 1987 387; x_wconf 59' lang='grc' dir='ltr'><strong><em>ξ</em></strong></span> 
     </span>
     <span class='ocr_line' id='line_1_6' title="bbox 283 384 1970 443; baseline -0.005 -6"><span class='ocrx_word' id='word_1_41' title='bbox 283 401 322 438; x_wconf 90' lang='lat' dir='ltr'>in</span> <span class='ocrx_word' id='word_1_42' title='bbox 345 393 558 436; x_wconf 82' lang='lat' dir='ltr'>suburbano</span> <span class='ocrx_word' id='word_1_43' title='bbox 577 387 1020 441; x_wconf 84' lang='lat' dir='ltr'>Constantinopolitano</span> <span class='ocrx_word' id='word_1_44' title='bbox 1044 384 1131 426; x_wconf 68' lang='lat' dir='ltr'>villa</span> <span class='ocrx_word' id='word_1_45' title='bbox 1155 386 1304 440; x_wconf 71' lang='lat' dir='ltr'>publica</span> <span class='ocrx_word' id='word_1_46' title='bbox 1319 389 1431 438; x_wconf 87' lang='lat' dir='ltr'>juxta</span> <span class='ocrx_word' id='word_1_47' title='bbox 1452 386 1721 427; x_wconf 80' lang='lat' dir='ltr'>Nicomediam</span> <span class='ocrx_word' id='word_1_48' title='bbox 1745 419 1755 436; x_wconf 83' lang='lat'>,</span> <span class='ocrx_word' id='word_1_49' title='bbox 1782 387 1945 443; x_wconf 83' lang='lat' dir='ltr'>disposi-</span> <span class='ocrx_word' id='word_1_50' title='bbox 1964 399 1970 401; x_wconf 85' lang='grc'><strong><em>·</em></strong></span> 
     </span>
     <span class='ocr_line' id='line_1_7' title="bbox 285 442 1944 503; baseline -0.007 -10"><span class='ocrx_word' id='word_1_51' title='bbox 285 464 364 495; x_wconf 87' lang='lat' dir='ltr'>tarn</span> <span class='ocrx_word' id='word_1_52' title='bbox 379 451 478 490; x_wconf 90' lang='lat' dir='ltr'>bene</span> <span class='ocrx_word' id='word_1_53' title='bbox 494 446 779 503; x_wconf 87' lang='lat' dir='ltr'>Rempublicam</span> <span class='ocrx_word' id='word_1_54' title='bbox 791 444 880 486; x_wconf 87' lang='lat' dir='ltr'>filiis</span> <span class='ocrx_word' id='word_1_55' title='bbox 894 443 1050 484; x_wconf 77' lang='lat' dir='ltr'>tradens</span> <span class='ocrx_word' id='word_1_56' title='bbox 1078 442 1244 496; x_wconf 92' lang='lat' dir='ltr'>[obiit.]</span> <span class='ocrx_word' id='word_1_57' title='bbox 1258 445 1444 499; x_wconf 82' lang='lat' dir='ltr'>Regnavit</span> <span class='ocrx_word' id='word_1_58' title='bbox 1466 455 1556 485; x_wconf 33' lang='lat' dir='ltr'>anni</span> <span class='ocrx_word' id='word_1_59' title='bbox 1569 457 1683 486; x_wconf 80' lang='lat' dir='ltr'>xxxi.</span> <span class='ocrx_word' id='word_1_60' title='bbox 1697 445 1880 501; x_wconf 83' lang='lat' dir='ltr'>Sepultus</span> <span class='ocrx_word' id='word_1_61' title='bbox 1891 444 1944 489; x_wconf 86' lang='lat' dir='ltr'>est</span> 
     </span>
    </p>
   </div>
   <div class='ocr_carea' id='block_1_3' title="bbox 287 503 650 562">
    <p class='ocr_par' dir='ltr' id='par_1_3' title="bbox 287 503 650 562">
     <span class='ocr_line' id='line_1_8' title="bbox 287 503 650 562; baseline -0.025 -10"><span class='ocrx_word' id='word_1_62' title='bbox 287 503 650 562; x_wconf 85' lang='lat' dir='ltr'>Constantinopoli.</span> 
     </span>
    </p>
   </div>
   <div class='ocr_carea' id='block_1_4' title="bbox 681 611 1550 655">
    <p class='ocr_par' dir='ltr' id='par_1_4' title="bbox 681 611 1550 655">
     <span class='ocr_line' id='line_1_9' title="bbox 681 611 1550 655; baseline -0.002 -1"><span class='ocrx_word' id='word_1_63' title='bbox 681 613 785 654; x_wconf 85' lang='lat' dir='ltr'>Item</span> <span class='ocrx_word' id='word_1_64' title='bbox 795 627 841 655; x_wconf 85' lang='lat' dir='ltr'>ex</span> <span class='ocrx_word' id='word_1_65' title='bbox 852 611 966 655; x_wconf 68' lang='lat' dir='ltr'>libro‘s</span> <span class='ocrx_word' id='word_1_66' title='bbox 981 611 1260 654; x_wconf 75' lang='lat' dir='ltr'>Chronicorum</span> <span class='ocrx_word' id='word_1_67' title='bbox 1282 613 1387 654; x_wconf 84' lang='lat' dir='ltr'>inter</span> <span class='ocrx_word' id='word_1_68' title='bbox 1409 620 1550 653; x_wconf 85' lang='lat' dir='ltr'>cetera.</span> 
     </span>
    </p>
   </div>
   <div class='ocr_carea' id='block_1_5' title="bbox 279 723 1954 2079">
    <p class='ocr_par' dir='ltr' id='par_1_5' title="bbox 284 723 1952 1109">
     <span class='ocr_line' id='line_1_10' title="bbox 346 723 1948 788; baseline -0.001 -18"><span class='ocrx_word' id='word_1_69' title='bbox 346 733 689 788; x_wconf 83' lang='lat' dir='ltr'>Igiturimperante</span> <span class='ocrx_word' id='word_1_70' title='bbox 712 726 882 766; x_wconf 89' lang='lat' dir='ltr'>Zenone</span> <span class='ocrx_word' id='word_1_71' title='bbox 907 723 1081 781; x_wconf 89' lang='lat' dir='ltr'>Augusto</span> <span class='ocrx_word' id='word_1_72' title='bbox 1101 723 1474 779; x_wconf 79' lang='lat' dir='ltr'>Constantinopoli,</span> <span class='ocrx_word' id='word_1_73' title='bbox 1506 723 1778 780; x_wconf 89' lang='lat' dir='ltr'>superveniens</span> <span class='ocrx_word' id='word_1_74' title='bbox 1806 727 1948 781; x_wconf 80' lang='lat' dir='ltr'>Nepos</span> 
     </span>
     <span class='ocr_line' id='line_1_11' title="bbox 284 781 1947 836; baseline -0.002 -7"><span class='ocrx_word' id='word_1_75' title='bbox 284 790 469 830; x_wconf 66' lang='lat' dir='ltr'>Patricius</span> <span class='ocrx_word' id='word_1_76' title='bbox 481 783 526 824; x_wconf 85' lang='lat' dir='ltr'>ad</span> <span class='ocrx_word' id='word_1_77' title='bbox 543 786 704 824; x_wconf 88' lang='lat' dir='ltr'>Portum</span> <span class='ocrx_word' id='word_1_78' title='bbox 719 782 822 822; x_wconf 90' lang='lat' dir='ltr'>urbis</span> <span class='ocrx_word' id='word_1_79' title='bbox 839 784 969 822; x_wconf 80' lang='lat' dir='ltr'>Romae</span> <span class='ocrx_word' id='word_1_80' title='bbox 1017 781 1197 836; x_wconf 84' lang='lat' dir='ltr'>deposuit</span> <span class='ocrx_word' id='word_1_81' title='bbox 1210 781 1437 836; x_wconf 86' lang='lat' dir='ltr'>deimperio</span> <span class='ocrx_word' id='word_1_82' title='bbox 1464 781 1691 836; x_wconf 83' lang='lat' dir='ltr'>Glycerium</span> <span class='ocrx_word' id='word_1_83' title='bbox 1706 811 1715 825; x_wconf 91' lang='lat'><strong>‚</strong></span> <span class='ocrx_word' id='word_1_84' title='bbox 1750 788 1787 824; x_wconf 72' lang='grc' dir='ltr'>ὅ(</span> <span class='ocrx_word' id='word_1_85' title='bbox 1823 781 1947 827; x_wconf 65' lang='lat' dir='ltr'>fastus</span> 
     </span>
     <span class='ocr_line' id='line_1_12' title="bbox 285 836 1946 895; baseline -0.002 -10"><span class='ocrx_word' id='word_1_86' title='bbox 285 843 338 885; x_wconf 88' lang='lat' dir='ltr'>est</span> <span class='ocrx_word' id='word_1_87' title='bbox 354 843 562 895; x_wconf 80' lang='lat' dir='ltr'>Episcopus</span> <span class='ocrx_word' id='word_1_88' title='bbox 578 873 587 888; x_wconf 83' lang='lat'>,</span> <span class='ocrx_word' id='word_1_89' title='bbox 612 845 650 881; x_wconf 70' lang='grc' dir='ltr'>δε</span> <span class='ocrx_word' id='word_1_90' title='bbox 664 841 802 892; x_wconf 80' lang='lat' dir='ltr'>Nepos</span> <span class='ocrx_word' id='word_1_91' title='bbox 826 836 946 877; x_wconf 66' lang='lat' dir='ltr'>factus</span> <span class='ocrx_word' id='word_1_92' title='bbox 967 838 1184 893; x_wconf 88' lang='lat' dir='ltr'>Imperator</span> <span class='ocrx_word' id='word_1_93' title='bbox 1207 841 1351 879; x_wconf 86' lang='lat' dir='ltr'>Romae.</span> <span class='ocrx_word' id='word_1_94' title='bbox 1379 840 1478 878; x_wconf 89' lang='lat' dir='ltr'>Mox</span> <span class='ocrx_word' id='word_1_95' title='bbox 1500 842 1660 879; x_wconf 89' lang='lat' dir='ltr'>veniens</span> <span class='ocrx_word' id='word_1_96' title='bbox 1692 840 1914 881; x_wconf 87' lang='lat' dir='ltr'>Ravennam</span> <span class='ocrx_word' id='word_1_97' title='bbox 1935 857 1946 882; x_wconf 70' lang='grc' dir='ltr'><strong>ε</strong></span> 
     </span>
     <span class='ocr_line' id='line_1_13' title="bbox 285 894 1947 954; baseline -0.001 -16"><span class='ocrx_word' id='word_1_98' title='bbox 285 912 399 954; x_wconf 85' lang='lat' dir='ltr'>quem</span> <span class='ocrx_word' id='word_1_99' title='bbox 415 897 652 953; x_wconf 86' lang='lat' dir='ltr'>persequens</span> <span class='ocrx_word' id='word_1_100' title='bbox 666 894 825 936; x_wconf 80' lang='lat' dir='ltr'>Orestes</span> <span class='ocrx_word' id='word_1_101' title='bbox 840 896 1025 933; x_wconf 77' lang='lat' dir='ltr'>Patricius</span> <span class='ocrx_word' id='word_1_102' title='bbox 1038 908 1124 933; x_wconf 86' lang='lat' dir='ltr'>cum</span> <span class='ocrx_word' id='word_1_103' title='bbox 1154 897 1328 934; x_wconf 87' lang='lat' dir='ltr'>exercitu</span> <span class='ocrx_word' id='word_1_104' title='bbox 1342 922 1353 940; x_wconf 89' lang='lat'>,</span> <span class='ocrx_word' id='word_1_105' title='bbox 1375 906 1553 934; x_wconf 90' lang='lat' dir='ltr'>metuens</span> <span class='ocrx_word' id='word_1_106' title='bbox 1576 897 1716 950; x_wconf 84' lang='lat' dir='ltr'>Nepos</span> <span class='ocrx_word' id='word_1_107' title='bbox 1733 896 1947 940; x_wconf 86' lang='lat' dir='ltr'>adventum</span> 
     </span>
     <span class='ocr_line' id='line_1_14' title="bbox 287 949 1948 1006; baseline -0.001 -11"><span class='ocrx_word' id='word_1_108' title='bbox 287 954 457 1000; x_wconf 87' lang='lat' dir='ltr'>Orestis,</span> <span class='ocrx_word' id='word_1_109' title='bbox 480 952 721 995; x_wconf 87' lang='lat' dir='ltr'>adscendens</span> <span class='ocrx_word' id='word_1_110' title='bbox 733 954 859 991; x_wconf 89' lang='lat' dir='ltr'>navim</span> <span class='ocrx_word' id='word_1_111' title='bbox 871 949 994 1006; x_wconf 84' lang='lat' dir='ltr'>fugam</span> <span class='ocrx_word' id='word_1_112' title='bbox 1007 953 1108 1004; x_wconf 88' lang='lat' dir='ltr'>petit</span> <span class='ocrx_word' id='word_1_113' title='bbox 1132 949 1179 990; x_wconf 89' lang='lat' dir='ltr'>ad</span> <span class='ocrx_word' id='word_1_114' title='bbox 1209 950 1391 991; x_wconf 87' lang='lat' dir='ltr'>Salonam</span> <span class='ocrx_word' id='word_1_115' title='bbox 1406 977 1416 996; x_wconf 94' lang='lat'>‚</span> <span class='ocrx_word' id='word_1_116' title='bbox 1444 954 1481 990; x_wconf 69' lang='grc' dir='ltr'>δε</span> <span class='ocrx_word' id='word_1_117' title='bbox 1501 949 1550 989; x_wconf 92' lang='lat' dir='ltr'>ibi</span> <span class='ocrx_word' id='word_1_118' title='bbox 1569 951 1707 991; x_wconf 79' lang='lat' dir='ltr'>mansit</span> <span class='ocrx_word' id='word_1_119' title='bbox 1732 966 1801 1006; x_wconf 90' lang='lat' dir='ltr'>per</span> <span class='ocrx_word' id='word_1_120' title='bbox 1823 966 1948 998; x_wconf 78' lang='lat' dir='ltr'>annos</span> 
     </span>
     <span class='ocr_line' id='line_1_15' title="bbox 285 1003 1952 1067; baseline -0.001 -16"><span class='ocrx_word' id='word_1_121' title='bbox 285 1014 475 1066; x_wconf 87' lang='lat' dir='ltr'>quinque:</span> <span class='ocrx_word' id='word_1_122' title='bbox 489 1008 621 1067; x_wconf 85' lang='lat' dir='ltr'>postea</span> <span class='ocrx_word' id='word_1_123' title='bbox 631 1012 727 1051; x_wconf 77' lang='lat' dir='ltr'>vero</span> <span class='ocrx_word' id='word_1_124' title='bbox 746 1008 766 1048; x_wconf 71' lang='lat' dir='ltr'>a</span> <span class='ocrx_word' id='word_1_125' title='bbox 780 1007 853 1047; x_wconf 87' lang='lat' dir='ltr'>suis</span> <span class='ocrx_word' id='word_1_126' title='bbox 865 1005 1067 1048; x_wconf 88' lang='lat' dir='ltr'>occiditur.</span> <span class='ocrx_word' id='word_1_127' title='bbox 1090 1008 1188 1046; x_wconf 86' lang='lat' dir='ltr'>Mox</span> <span class='ocrx_word' id='word_1_128' title='bbox 1201 1020 1250 1047; x_wconf 90' lang='lat' dir='ltr'>eo</span> <span class='ocrx_word' id='word_1_129' title='bbox 1262 1003 1409 1062; x_wconf 75' lang='lat' dir='ltr'>egresso</span> <span class='ocrx_word' id='word_1_130' title='bbox 1421 1034 1433 1054; x_wconf 91' lang='lat'>,</span> <span class='ocrx_word' id='word_1_131' title='bbox 1444 1003 1567 1046; x_wconf 66' lang='lat' dir='ltr'>factus</span> <span class='ocrx_word' id='word_1_132' title='bbox 1582 1008 1801 1062; x_wconf 84' lang='lat' dir='ltr'>Imperator</span> <span class='ocrx_word' id='word_1_133' title='bbox 1812 1012 1952 1066; x_wconf 87' lang='lat' dir='ltr'>Augu-</span> 
     </span>
     <span class='ocr_line' id='line_1_16' title="bbox 286 1066 414 1109; baseline -0.016 0"><span class='ocrx_word' id='word_1_134' title='bbox 286 1066 414 1109; x_wconf 87' lang='lat' dir='ltr'>stulus.</span> 
     </span>
    </p>

    <p class='ocr_par' dir='ltr' id='par_1_6' title="bbox 279 1116 1954 2079">
     <span class='ocr_line' id='line_1_17' title="bbox 339 1116 1948 1180; baseline -0.006 -15"><span class='ocrx_word' id='word_1_135' title='bbox 339 1123 351 1148; x_wconf 73' lang='lat' dir='ltr'>f</span> <span class='ocrx_word' id='word_1_136' title='bbox 381 1121 612 1180; x_wconf 79' lang='lat' dir='ltr'>Augustulus</span> <span class='ocrx_word' id='word_1_137' title='bbox 632 1124 697 1176; x_wconf 91' lang='lat' dir='ltr'>qui</span> <span class='ocrx_word' id='word_1_138' title='bbox 717 1133 808 1163; x_wconf 86' lang='lat' dir='ltr'>ante</span> <span class='ocrx_word' id='word_1_139' title='bbox 822 1133 984 1176; x_wconf 83' lang='lat' dir='ltr'>regnum</span> <span class='ocrx_word' id='word_1_140' title='bbox 1003 1117 1220 1159; x_wconf 69' lang='lat' dir='ltr'>Romulusa</span> <span class='ocrx_word' id='word_1_141' title='bbox 1234 1117 1455 1172; x_wconf 88' lang='lat' dir='ltr'>parentibus</span> <span class='ocrx_word' id='word_1_142' title='bbox 1467 1116 1679 1159; x_wconf 85' lang='lat' dir='ltr'>vocabatur</span> <span class='ocrx_word' id='word_1_143' title='bbox 1692 1148 1702 1162; x_wconf 82' lang='grc'><em>,</em></span> <span class='ocrx_word' id='word_1_144' title='bbox 1715 1120 1736 1159; x_wconf 73' lang='lat' dir='ltr'>a</span> <span class='ocrx_word' id='word_1_145' title='bbox 1751 1130 1860 1174; x_wconf 82' lang='lat' dir='ltr'>patre</span> <span class='ocrx_word' id='word_1_146' title='bbox 1887 1121 1948 1161; x_wconf 80' lang='grc' dir='ltr'>Ο,</span> 
     </span>
     <span class='ocr_line' id='line_1_18' title="bbox 285 1173 1952 1232; baseline -0.004 -10"><span class='ocrx_word' id='word_1_147' title='bbox 285 1179 383 1222; x_wconf 86' lang='lat' dir='ltr'>reste</span> <span class='ocrx_word' id='word_1_148' title='bbox 396 1181 564 1220; x_wconf 88' lang='lat' dir='ltr'>Patricio</span> <span class='ocrx_word' id='word_1_149' title='bbox 576 1177 699 1219; x_wconf 72' lang='lat' dir='ltr'>factus</span> <span class='ocrx_word' id='word_1_150' title='bbox 711 1178 764 1218; x_wconf 91' lang='lat' dir='ltr'>est</span> <span class='ocrx_word' id='word_1_151' title='bbox 777 1180 1005 1232; x_wconf 83' lang='lat' dir='ltr'>Imperator.</span> <span class='ocrx_word' id='word_1_152' title='bbox 1031 1177 1342 1229; x_wconf 86' lang='lat' dir='ltr'>Superveniente</span> <span class='ocrx_word' id='word_1_153' title='bbox 1354 1173 1539 1214; x_wconf 88' lang='lat' dir='ltr'>Odoacre</span> <span class='ocrx_word' id='word_1_154' title='bbox 1551 1187 1637 1214; x_wconf 88' lang='lat' dir='ltr'>cum</span> <span class='ocrx_word' id='word_1_155' title='bbox 1657 1187 1776 1231; x_wconf 85' lang='lat' dir='ltr'>gente</span> <span class='ocrx_word' id='word_1_156' title='bbox 1803 1176 1952 1230; x_wconf 88' lang='lat' dir='ltr'>Scyro-</span> 
     </span>
     <span class='ocr_line' id='line_1_19' title="bbox 284 1229 1952 1284; baseline -0.004 -6"><span class='ocrx_word' id='word_1_157' title='bbox 284 1250 368 1284; x_wconf 83' lang='lat' dir='ltr'>tum</span> <span class='ocrx_word' id='word_1_158' title='bbox 382 1264 393 1282; x_wconf 90' lang='lat'><strong>‚</strong></span> <span class='ocrx_word' id='word_1_159' title='bbox 421 1234 567 1276; x_wconf 91' lang='lat' dir='ltr'>occidit</span> <span class='ocrx_word' id='word_1_160' title='bbox 580 1233 759 1276; x_wconf 84' lang='lat' dir='ltr'>Orestem</span> <span class='ocrx_word' id='word_1_161' title='bbox 775 1236 981 1274; x_wconf 85' lang='lat' dir='ltr'>Patricium</span> <span class='ocrx_word' id='word_1_162' title='bbox 994 1236 1032 1272; x_wconf 94' lang='lat' dir='ltr'>in</span> <span class='ocrx_word' id='word_1_163' title='bbox 1048 1231 1243 1272; x_wconf 85' lang='lat' dir='ltr'>Placentia</span> <span class='ocrx_word' id='word_1_164' title='bbox 1256 1259 1266 1276; x_wconf 90' lang='lat'>‚</span> <span class='ocrx_word' id='word_1_165' title='bbox 1289 1236 1327 1273; x_wconf 88' lang='lat'>&amp;</span> <span class='ocrx_word' id='word_1_166' title='bbox 1338 1229 1495 1272; x_wconf 89' lang='lat' dir='ltr'>fratrem</span> <span class='ocrx_word' id='word_1_167' title='bbox 1509 1233 1593 1283; x_wconf 88' lang='lat' dir='ltr'>ejus</span> <span class='ocrx_word' id='word_1_168' title='bbox 1610 1231 1767 1272; x_wconf 89' lang='lat' dir='ltr'>Paulum</span> <span class='ocrx_word' id='word_1_169' title='bbox 1780 1230 1826 1272; x_wconf 89' lang='lat' dir='ltr'>ad</span> <span class='ocrx_word' id='word_1_170' title='bbox 1840 1233 1952 1273; x_wconf 80' lang='lat' dir='ltr'>Pine-</span> 
     </span>
     <span class='ocr_line' id='line_1_20' title="bbox 283 1285 1952 1346; baseline -0.002 -12"><span class='ocrx_word' id='word_1_171' title='bbox 283 1305 324 1334; x_wconf 89' lang='lat' dir='ltr'>ta</span> <span class='ocrx_word' id='word_1_172' title='bbox 338 1292 434 1334; x_wconf 89' lang='lat' dir='ltr'>foris</span> <span class='ocrx_word' id='word_1_173' title='bbox 446 1288 614 1333; x_wconf 76' lang='lat' dir='ltr'>Classem</span> <span class='ocrx_word' id='word_1_174' title='bbox 627 1292 831 1332; x_wconf 77' lang='lat' dir='ltr'>Ravennae.</span> <span class='ocrx_word' id='word_1_175' title='bbox 856 1288 1080 1346; x_wconf 84' lang='lat' dir='ltr'>Ingrediens</span> <span class='ocrx_word' id='word_1_176' title='bbox 1095 1299 1224 1328; x_wconf 89' lang='lat' dir='ltr'>autem</span> <span class='ocrx_word' id='word_1_177' title='bbox 1238 1290 1459 1330; x_wconf 82' lang='lat' dir='ltr'>Ravennam</span> <span class='ocrx_word' id='word_1_178' title='bbox 1471 1317 1481 1332; x_wconf 86' lang='lat'><em>‚</em></span> <span class='ocrx_word' id='word_1_179' title='bbox 1502 1285 1683 1342; x_wconf 85' lang='lat' dir='ltr'>deposuit</span> <span class='ocrx_word' id='word_1_180' title='bbox 1694 1287 1952 1344; x_wconf 83' lang='lat' dir='ltr'>Augustulum</span> 
     </span>
     <span class='ocr_line' id='line_1_21' title="bbox 283 1342 1948 1405; baseline -0.002 -16"><span class='ocrx_word' id='word_1_181' title='bbox 283 1349 335 1392; x_wconf 83' lang='lat' dir='ltr'>de</span> <span class='ocrx_word' id='word_1_182' title='bbox 352 1362 473 1405; x_wconf 84' lang='lat' dir='ltr'>regno</span> <span class='ocrx_word' id='word_1_183' title='bbox 487 1376 498 1393; x_wconf 88' lang='lat'>‚</span> <span class='ocrx_word' id='word_1_184' title='bbox 511 1351 618 1400; x_wconf 89' lang='lat' dir='ltr'>cujus</span> <span class='ocrx_word' id='word_1_185' title='bbox 631 1342 799 1388; x_wconf 79' lang='lat' dir='ltr'>infantiae</span> <span class='ocrx_word' id='word_1_186' title='bbox 812 1345 987 1397; x_wconf 86' lang='lat' dir='ltr'>misertus</span> <span class='ocrx_word' id='word_1_187' title='bbox 999 1374 1012 1393; x_wconf 88' lang='lat'>‚</span> <span class='ocrx_word' id='word_1_188' title='bbox 1032 1342 1218 1385; x_wconf 83' lang='lat' dir='ltr'>conceffit</span> <span class='ocrx_word' id='word_1_189' title='bbox 1231 1347 1265 1399; x_wconf 80' lang='lat' dir='ltr'>ei</span> <span class='ocrx_word' id='word_1_190' title='bbox 1277 1344 1496 1400; x_wconf 78' lang='lat' dir='ltr'>sanguinem</span> <span class='ocrx_word' id='word_1_191' title='bbox 1511 1362 1519 1384; x_wconf 90' lang='lat'><strong>:</strong></span> <span class='ocrx_word' id='word_1_192' title='bbox 1535 1349 1572 1386; x_wconf 91' lang='lat'>&amp;</span> <span class='ocrx_word' id='word_1_193' title='bbox 1583 1347 1671 1398; x_wconf 90' lang='lat' dir='ltr'>quia</span> <span class='ocrx_word' id='word_1_194' title='bbox 1682 1344 1841 1400; x_wconf 91' lang='lat' dir='ltr'>pulcher</span> <span class='ocrx_word' id='word_1_195' title='bbox 1851 1356 1948 1395; x_wconf 81' lang='lat' dir='ltr'>erat,</span> 
     </span>
     <span class='ocr_line' id='line_1_22' title="bbox 283 1399 1950 1457; baseline -0.002 -11"><span class='ocrx_word' id='word_1_196' title='bbox 283 1417 414 1447; x_wconf 89' lang='lat' dir='ltr'>tamen</span> <span class='ocrx_word' id='word_1_197' title='bbox 427 1405 589 1446; x_wconf 90' lang='lat' dir='ltr'>donavit</span> <span class='ocrx_word' id='word_1_198' title='bbox 597 1407 632 1444; x_wconf 92' lang='lat' dir='ltr'>ei</span> <span class='ocrx_word' id='word_1_199' title='bbox 649 1403 814 1445; x_wconf 89' lang='lat' dir='ltr'>reditum</span> <span class='ocrx_word' id='word_1_200' title='bbox 826 1403 890 1445; x_wconf 88' lang='lat' dir='ltr'>sex</span> <span class='ocrx_word' id='word_1_201' title='bbox 903 1401 1020 1442; x_wconf 90' lang='lat' dir='ltr'>millia</span> <span class='ocrx_word' id='word_1_202' title='bbox 1029 1399 1176 1441; x_wconf 89' lang='lat' dir='ltr'>solidos</span> <span class='ocrx_word' id='word_1_203' title='bbox 1188 1430 1197 1445; x_wconf 86' lang='lat'>,</span> <span class='ocrx_word' id='word_1_204' title='bbox 1220 1405 1259 1443; x_wconf 87' lang='lat'>&amp;</span> <span class='ocrx_word' id='word_1_205' title='bbox 1269 1399 1372 1442; x_wconf 77' lang='lat' dir='ltr'>misit</span> <span class='ocrx_word' id='word_1_206' title='bbox 1384 1414 1470 1441; x_wconf 91' lang='lat' dir='ltr'>eum</span> <span class='ocrx_word' id='word_1_207' title='bbox 1485 1404 1584 1442; x_wconf 78' lang='lat' dir='ltr'>intra</span> <span class='ocrx_word' id='word_1_208' title='bbox 1597 1402 1851 1457; x_wconf 84' lang='lat' dir='ltr'>Campaniam</span> <span class='ocrx_word' id='word_1_209' title='bbox 1862 1413 1950 1444; x_wconf 84' lang='lat' dir='ltr'>cum</span> 
     </span>
     <span class='ocr_line' id='line_1_23' title="bbox 284 1456 1952 1518; baseline -0.002 -15"><span class='ocrx_word' id='word_1_210' title='bbox 284 1461 510 1518; x_wconf 83' lang='lat' dir='ltr'>parentibus</span> <span class='ocrx_word' id='word_1_211' title='bbox 531 1459 605 1501; x_wconf 86' lang='lat' dir='ltr'>suis</span> <span class='ocrx_word' id='word_1_212' title='bbox 626 1460 745 1501; x_wconf 73' lang='lat' dir='ltr'>libere</span> <span class='ocrx_word' id='word_1_213' title='bbox 768 1463 913 1502; x_wconf 90' lang='lat' dir='ltr'>vivere.</span> <span class='ocrx_word' id='word_1_214' title='bbox 953 1461 1109 1500; x_wconf 88' lang='lat' dir='ltr'>Etenim</span> <span class='ocrx_word' id='word_1_215' title='bbox 1129 1468 1241 1512; x_wconf 82' lang='lat' dir='ltr'>patet</span> <span class='ocrx_word' id='word_1_216' title='bbox 1269 1460 1352 1510; x_wconf 85' lang='lat' dir='ltr'>ejus</span> <span class='ocrx_word' id='word_1_217' title='bbox 1394 1465 1412 1493; x_wconf 73' lang='lat' dir='ltr'><strong>g</strong></span> <span class='ocrx_word' id='word_1_218' title='bbox 1431 1456 1592 1498; x_wconf 89' lang='lat' dir='ltr'>Orestes</span> <span class='ocrx_word' id='word_1_219' title='bbox 1615 1458 1820 1498; x_wconf 87' lang='lat' dir='ltr'>Pannotos</span> <span class='ocrx_word' id='word_1_220' title='bbox 1839 1487 1852 1504; x_wconf 92' lang='lat'><strong>,</strong></span> <span class='ocrx_word' id='word_1_221' title='bbox 1882 1459 1952 1512; x_wconf 76' lang='lat' dir='ltr'>qui</span> 
     </span>
     <span class='ocr_line' id='line_1_24' title="bbox 286 1512 1952 1573; baseline -0.002 -13"><span class='ocrx_word' id='word_1_222' title='bbox 286 1531 336 1561; x_wconf 86' lang='lat' dir='ltr'>eo</span> <span class='ocrx_word' id='word_1_223' title='bbox 359 1530 541 1573; x_wconf 89' lang='lat' dir='ltr'>tempore</span> <span class='ocrx_word' id='word_1_224' title='bbox 566 1515 724 1571; x_wconf 91' lang='lat' dir='ltr'>quando</span> <span class='ocrx_word' id='word_1_225' title='bbox 749 1516 883 1558; x_wconf 89' lang='lat' dir='ltr'>Attila</span> <span class='ocrx_word' id='word_1_226' title='bbox 902 1513 950 1556; x_wconf 90' lang='lat' dir='ltr'>ad</span> <span class='ocrx_word' id='word_1_227' title='bbox 971 1513 1118 1555; x_wconf 87' lang='lat' dir='ltr'>Italiam</span> <span class='ocrx_word' id='word_1_228' title='bbox 1142 1515 1251 1555; x_wconf 87' lang='lat' dir='ltr'>venit</span> <span class='ocrx_word' id='word_1_229' title='bbox 1272 1542 1284 1559; x_wconf 91' lang='lat'>,</span> <span class='ocrx_word' id='word_1_230' title='bbox 1311 1513 1351 1554; x_wconf 92' lang='lat' dir='ltr'>se</span> <span class='ocrx_word' id='word_1_231' title='bbox 1373 1512 1427 1554; x_wconf 90' lang='lat' dir='ltr'>illi</span> <span class='ocrx_word' id='word_1_232' title='bbox 1441 1517 1571 1566; x_wconf 81' lang='lat' dir='ltr'>junxit</span> <span class='ocrx_word' id='word_1_233' title='bbox 1594 1543 1604 1560; x_wconf 94' lang='lat'>‚</span> <span class='ocrx_word' id='word_1_234' title='bbox 1639 1519 1679 1556; x_wconf 85' lang='lat'>&amp;</span> <span class='ocrx_word' id='word_1_235' title='bbox 1708 1517 1792 1566; x_wconf 86' lang='lat' dir='ltr'>ejus</span> <span class='ocrx_word' id='word_1_236' title='bbox 1822 1514 1952 1556; x_wconf 85' lang='lat' dir='ltr'>Nota-</span> 
     </span>
     <span class='ocr_line' id='line_1_25' title="bbox 285 1568 1951 1627; baseline -0.002 -12"><span class='ocrx_word' id='word_1_237' title='bbox 285 1577 362 1617; x_wconf 85' lang='lat' dir='ltr'>rius</span> <span class='ocrx_word' id='word_1_238' title='bbox 383 1572 507 1614; x_wconf 67' lang='lat' dir='ltr'>fastus</span> <span class='ocrx_word' id='word_1_239' title='bbox 527 1572 662 1614; x_wconf 84' lang='lat' dir='ltr'>fuerat.</span> <span class='ocrx_word' id='word_1_240' title='bbox 696 1572 823 1615; x_wconf 89' lang='lat' dir='ltr'>Unde</span> <span class='ocrx_word' id='word_1_241' title='bbox 843 1570 1015 1627; x_wconf 86' lang='lat' dir='ltr'>profecit</span> <span class='ocrx_word' id='word_1_242' title='bbox 1038 1575 1077 1612; x_wconf 88' lang='lat'>&amp;</span> <span class='ocrx_word' id='word_1_243' title='bbox 1097 1569 1217 1624; x_wconf 90' lang='lat' dir='ltr'>usque</span> <span class='ocrx_word' id='word_1_244' title='bbox 1238 1568 1286 1610; x_wconf 88' lang='lat' dir='ltr'>ad</span> <span class='ocrx_word' id='word_1_245' title='bbox 1309 1570 1536 1611; x_wconf 83' lang='lat' dir='ltr'>Patriciatus</span> <span class='ocrx_word' id='word_1_246' title='bbox 1552 1569 1781 1627; x_wconf 84' lang='lat' dir='ltr'>dignitatern</span> <span class='ocrx_word' id='word_1_247' title='bbox 1813 1581 1951 1624; x_wconf 86' lang='lat' dir='ltr'>perve-</span> 
     </span>
     <span class='ocr_line' id='line_1_26' title="bbox 283 1626 1950 1686; baseline -0.004 -14"><span class='ocrx_word' id='word_1_248' title='bbox 283 1633 354 1672; x_wconf 86' lang='lat' dir='ltr'>nit.</span> <span class='ocrx_word' id='word_1_249' title='bbox 392 1633 495 1686; x_wconf 88' lang='lat' dir='ltr'>Etgo</span> <span class='ocrx_word' id='word_1_250' title='bbox 527 1628 728 1683; x_wconf 85' lang='lat' dir='ltr'>postquam</span> <span class='ocrx_word' id='word_1_251' title='bbox 754 1628 879 1669; x_wconf 65' lang='lat' dir='ltr'>faetus</span> <span class='ocrx_word' id='word_1_252' title='bbox 901 1626 954 1667; x_wconf 91' lang='lat' dir='ltr'>est</span> <span class='ocrx_word' id='word_1_253' title='bbox 980 1628 1197 1680; x_wconf 76' lang='lat' dir='ltr'>Imperator</span> <span class='ocrx_word' id='word_1_254' title='bbox 1221 1626 1344 1667; x_wconf 85' lang='lat' dir='ltr'>Zeno</span> <span class='ocrx_word' id='word_1_255' title='bbox 1361 1629 1383 1666; x_wconf 76' lang='lat' dir='ltr'>a</span> <span class='ocrx_word' id='word_1_256' title='bbox 1405 1626 1487 1667; x_wconf 83' lang='lat' dir='ltr'>filio</span> <span class='ocrx_word' id='word_1_257' title='bbox 1507 1626 1576 1667; x_wconf 92' lang='lat' dir='ltr'>suo</span> <span class='ocrx_word' id='word_1_258' title='bbox 1599 1629 1733 1668; x_wconf 88' lang='lat' dir='ltr'>Leone</span> <span class='ocrx_word' id='word_1_259' title='bbox 1754 1658 1765 1676; x_wconf 90' lang='lat'>,</span> <span class='ocrx_word' id='word_1_260' title='bbox 1797 1628 1863 1681; x_wconf 88' lang='lat' dir='ltr'>qui</span> <span class='ocrx_word' id='word_1_261' title='bbox 1881 1638 1950 1665; x_wconf 88' lang='lat' dir='ltr'>na-</span> 
     </span>
     <span class='ocr_line' id='line_1_27' title="bbox 285 1680 1950 1737; baseline -0.003 -10"><span class='ocrx_word' id='word_1_262' title='bbox 285 1698 349 1727; x_wconf 92' lang='lat' dir='ltr'>tus</span> <span class='ocrx_word' id='word_1_263' title='bbox 388 1685 511 1728; x_wconf 86' lang='lat' dir='ltr'>fuerat</span> <span class='ocrx_word' id='word_1_264' title='bbox 542 1683 592 1724; x_wconf 90' lang='lat' dir='ltr'>de</span> <span class='ocrx_word' id='word_1_265' title='bbox 622 1683 700 1725; x_wconf 82' lang='lat' dir='ltr'>filia</span> <span class='ocrx_word' id='word_1_266' title='bbox 730 1684 873 1724; x_wconf 86' lang='lat' dir='ltr'>Leonis</span> <span class='ocrx_word' id='word_1_267' title='bbox 900 1680 1080 1724; x_wconf 86' lang='lat' dir='ltr'>Ariadne</span> <span class='ocrx_word' id='word_1_268' title='bbox 1109 1684 1271 1722; x_wconf 83' lang='lat' dir='ltr'>nomine</span> <span class='ocrx_word' id='word_1_269' title='bbox 1290 1710 1300 1723; x_wconf 85' lang='grc'>,</span> <span class='ocrx_word' id='word_1_270' title='bbox 1345 1694 1480 1737; x_wconf 89' lang='lat' dir='ltr'>regnat</span> <span class='ocrx_word' id='word_1_271' title='bbox 1512 1696 1598 1721; x_wconf 90' lang='lat' dir='ltr'>cum</span> <span class='ocrx_word' id='word_1_272' title='bbox 1631 1682 1714 1722; x_wconf 86' lang='lat' dir='ltr'>filio</span> <span class='ocrx_word' id='word_1_273' title='bbox 1747 1682 1815 1722; x_wconf 91' lang='lat' dir='ltr'>suo</span> <span class='ocrx_word' id='word_1_274' title='bbox 1843 1693 1950 1722; x_wconf 83' lang='lat' dir='ltr'>anno</span> 
     </span>
     <span class='ocr_line' id='line_1_28' title="bbox 284 1735 1953 1794; baseline -0.004 -11"><span class='ocrx_word' id='word_1_275' title='bbox 284 1755 387 1783; x_wconf 89' lang='lat' dir='ltr'>uno:</span> <span class='ocrx_word' id='word_1_276' title='bbox 423 1747 461 1784; x_wconf 84' lang='lat'>&amp;</span> <span class='ocrx_word' id='word_1_277' title='bbox 478 1743 619 1781; x_wconf 88' lang='lat' dir='ltr'>merito</span> <span class='ocrx_word' id='word_1_278' title='bbox 633 1741 775 1780; x_wconf 86' lang='lat' dir='ltr'>Leonis</span> <span class='ocrx_word' id='word_1_279' title='bbox 785 1752 943 1794; x_wconf 86' lang='lat' dir='ltr'>regnum</span> <span class='ocrx_word' id='word_1_280' title='bbox 958 1735 1139 1778; x_wconf 87' lang='lat' dir='ltr'>remansit</span> <span class='ocrx_word' id='word_1_281' title='bbox 1149 1736 1248 1791; x_wconf 88' lang='lat' dir='ltr'>apud</span> <span class='ocrx_word' id='word_1_282' title='bbox 1262 1737 1486 1777; x_wconf 85' lang='lat' dir='ltr'>Zenonem.</span> <span class='ocrx_word' id='word_1_283' title='bbox 1522 1739 1639 1777; x_wconf 83' lang='lat' dir='ltr'>Zeno</span> <span class='ocrx_word' id='word_1_284' title='bbox 1651 1739 1747 1778; x_wconf 76' lang='lat' dir='ltr'>vero</span> <span class='ocrx_word' id='word_1_285' title='bbox 1757 1751 1842 1777; x_wconf 90' lang='lat' dir='ltr'>cum</span> <span class='ocrx_word' id='word_1_286' title='bbox 1867 1736 1953 1778; x_wconf 87' lang='lat' dir='ltr'>filio</span> 
     </span>
     <span class='ocr_line' id='line_1_29' title="bbox 279 1791 1954 1852; baseline -0.003 -13"><span class='ocrx_word' id='word_1_287' title='bbox 279 1802 362 1852; x_wconf 89' lang='lat' dir='ltr'>jam</span> <span class='ocrx_word' id='word_1_288' title='bbox 376 1811 416 1839; x_wconf 92' lang='lat' dir='ltr'>re</span> <span class='ocrx_word' id='word_1_289' title='bbox 444 1810 538 1838; x_wconf 92' lang='lat' dir='ltr'>nans</span> <span class='ocrx_word' id='word_1_290' title='bbox 549 1808 767 1842; x_wconf 71' lang='lat' dir='ltr'>announo,</span> <span class='ocrx_word' id='word_1_291' title='bbox 794 1796 1000 1849; x_wconf 70' lang='lat' dir='ltr'>&#39;imperavit</span> <span class='ocrx_word' id='word_1_292' title='bbox 1011 1805 1134 1833; x_wconf 89' lang='lat' dir='ltr'>annos</span> <span class='ocrx_word' id='word_1_293' title='bbox 1146 1805 1238 1833; x_wconf 89' lang='lat' dir='ltr'>xv1.</span> <span class='ocrx_word' id='word_1_294' title='bbox 1262 1791 1405 1833; x_wconf 88' lang='lat' dir='ltr'>Isauriae</span> <span class='ocrx_word' id='word_1_295' title='bbox 1424 1792 1672 1834; x_wconf 73' lang='lat' dir='ltr'>nobilissimus</span> <span class='ocrx_word' id='word_1_296' title='bbox 1687 1821 1698 1838; x_wconf 92' lang='lat'>‚</span> <span class='ocrx_word' id='word_1_297' title='bbox 1730 1797 1795 1848; x_wconf 91' lang='lat' dir='ltr'>qui</span> <span class='ocrx_word' id='word_1_298' title='bbox 1816 1792 1954 1849; x_wconf 85' lang='lat' dir='ltr'>dignus</span> 
     </span>
     <span class='ocr_line' id='line_1_30' title="bbox 285 1848 1952 1907; baseline -0.005 -11"><span class='ocrx_word' id='word_1_299' title='bbox 285 1853 418 1896; x_wconf 78' lang='lat' dir='ltr'>essetfi</span> <span class='ocrx_word' id='word_1_300' title='bbox 436 1857 508 1895; x_wconf 89' lang='lat' dir='ltr'>iam</span> <span class='ocrx_word' id='word_1_301' title='bbox 523 1851 1182 1907; x_wconf 86' lang='lat' dir='ltr'>Imperatorisaccipere‚exercitus</span> <span class='ocrx_word' id='word_1_302' title='bbox 1194 1852 1358 1888; x_wconf 88' lang='lat' dir='ltr'>inarma.</span> <span class='ocrx_word' id='word_1_303' title='bbox 1392 1848 1601 1889; x_wconf 88' lang='lat' dir='ltr'>Perhibent</span> <span class='ocrx_word' id='word_1_304' title='bbox 1613 1848 1746 1897; x_wconf 90' lang='lat' dir='ltr'>deeo,</span> <span class='ocrx_word' id='word_1_305' title='bbox 1776 1851 1863 1902; x_wconf 90' lang='lat' dir='ltr'>quia</span> <span class='ocrx_word' id='word_1_306' title='bbox 1884 1862 1952 1903; x_wconf 87' lang='lat' dir='ltr'>pa-</span> 
     </span>
     <span class='ocr_line' id='line_1_31' title="bbox 285 1901 1951 1952; baseline -0.004 0"><span class='ocrx_word' id='word_1_307' title='bbox 285 1910 398 1952; x_wconf 82' lang='lat' dir='ltr'>tellas</span> <span class='ocrx_word' id='word_1_308' title='bbox 412 1914 448 1950; x_wconf 88' lang='lat' dir='ltr'>in</span> <span class='ocrx_word' id='word_1_309' title='bbox 488 1908 646 1950; x_wconf 89' lang='lat' dir='ltr'>enucula</span> <span class='ocrx_word' id='word_1_310' title='bbox 658 1921 738 1948; x_wconf 90' lang='lat' dir='ltr'>non</span> <span class='ocrx_word' id='word_1_311' title='bbox 751 1905 934 1947; x_wconf 80' lang='lat' dir='ltr'>habuisset</span> <span class='ocrx_word' id='word_1_312' title='bbox 948 1935 957 1948; x_wconf 83' lang='grc'><strong>.</strong></span> <span class='ocrx_word' id='word_1_313' title='bbox 977 1904 1039 1945; x_wconf 82' lang='lat' dir='ltr'>sed</span> <span class='ocrx_word' id='word_1_314' title='bbox 1053 1904 1217 1945; x_wconf 89' lang='lat' dir='ltr'>mobiles</span> <span class='ocrx_word' id='word_1_315' title='bbox 1227 1901 1378 1945; x_wconf 72' lang='lat' dir='ltr'>fuissent</span> <span class='ocrx_word' id='word_1_316' title='bbox 1392 1917 1435 1944; x_wconf 93' lang='lat' dir='ltr'>ut</span> <span class='ocrx_word' id='word_1_317' title='bbox 1449 1908 1564 1945; x_wconf 87' lang='lat' dir='ltr'>etiam</span> <span class='ocrx_word' id='word_1_318' title='bbox 1585 1905 1694 1946; x_wconf 86' lang='lat' dir='ltr'>cursu</span> <span class='ocrx_word' id='word_1_319' title='bbox 1712 1905 1951 1946; x_wconf 79' lang='lat' dir='ltr'>velocissimo</span> 
     </span>
     <span class='ocr_line' id='line_1_32' title="bbox 284 1924 1951 2016; baseline -0.003 -9"><span class='ocrx_word' id='word_1_320' title='bbox 284 1967 383 2007; x_wconf 88' lang='lat' dir='ltr'>ultra</span> <span class='ocrx_word' id='word_1_321' title='bbox 395 1924 553 2006; x_wconf 53' lang='lat' dir='ltr'>mogum</span> <span class='ocrx_word' id='word_1_322' title='bbox 566 1965 766 2005; x_wconf 86' lang='lat' dir='ltr'>hominum</span> <span class='ocrx_word' id='word_1_323' title='bbox 776 1963 980 2003; x_wconf 87' lang='lat' dir='ltr'>haberetur</span> <span class='ocrx_word' id='word_1_324' title='bbox 999 1964 1039 2002; x_wconf 91' lang='lat' dir='ltr'>In</span> <span class='ocrx_word' id='word_1_325' title='bbox 1055 1960 1262 2016; x_wconf 86' lang='lat' dir='ltr'>Republica</span> <span class='ocrx_word' id='word_1_326' title='bbox 1274 1963 1437 2001; x_wconf 86' lang='lat' dir='ltr'>omnino</span> <span class='ocrx_word' id='word_1_327' title='bbox 1449 1961 1951 2015; x_wconf 74' lang='lat' dir='ltr'>providentiffimus‚favens</span> 
     </span>
     <span class='ocr_line' id='line_1_33' title="bbox 285 2016 1950 2079; baseline -0.003 -15"><span class='ocrx_word' id='word_1_328' title='bbox 285 2027 390 2079; x_wconf 88' lang='lat' dir='ltr'>genti</span> <span class='ocrx_word' id='word_1_329' title='bbox 402 2021 589 2064; x_wconf 63' lang='lat' dir='ltr'>suaeI-Iuic</span> <span class='ocrx_word' id='word_1_330' title='bbox 603 2019 844 2062; x_wconf 76' lang='lat' dir='ltr'>insidiabatur</span> <span class='ocrx_word' id='word_1_331' title='bbox 856 2016 1149 2073; x_wconf 80' lang='lat' dir='ltr'>Basiliscus‚ipse</span> <span class='ocrx_word' id='word_1_332' title='bbox 1167 2019 1312 2072; x_wconf 87' lang='lat' dir='ltr'>primus</span> <span class='ocrx_word' id='word_1_333' title='bbox 1323 2018 1518 2059; x_wconf 88' lang='lat' dir='ltr'>Senator:</span> <span class='ocrx_word' id='word_1_334' title='bbox 1547 2032 1628 2074; x_wconf 93' lang='lat' dir='ltr'>quo</span> <span class='ocrx_word' id='word_1_335' title='bbox 1654 2021 1817 2074; x_wconf 86' lang='lat' dir='ltr'>cognito</span> <span class='ocrx_word' id='word_1_336' title='bbox 1830 2018 1950 2059; x_wconf 89' lang='lat' dir='ltr'>Zeno</span> 
     </span>
    </p>
   </div>
   <div class='ocr_carea' id='block_1_6' title="bbox 281 2128 1948 2355">
    <p class='ocr_par' dir='ltr' id='par_1_7' title="bbox 281 2128 1948 2355">
     <span class='ocr_line' id='line_1_34' title="bbox 322 2128 1946 2172; baseline -0.003 -10"><span class='ocrx_word' id='word_1_337' title='bbox 322 2135 337 2161; x_wconf 77' lang='lat' dir='ltr'>f</span> <span class='ocrx_word' id='word_1_338' title='bbox 353 2135 518 2171; x_wconf 43' lang='lat' dir='ltr'>Araegustulus.</span> <span class='ocrx_word' id='word_1_339' title='bbox 537 2138 649 2172; x_wconf 77' lang='lat' dir='ltr'>quiante</span> <span class='ocrx_word' id='word_1_340' title='bbox 658 2144 761 2171; x_wconf 70' lang='lat' dir='ltr'>regnum</span> <span class='ocrx_word' id='word_1_341' title='bbox 776 2131 938 2167; x_wconf 55' lang='lat' dir='ltr'>Romulum]</span> <span class='ocrx_word' id='word_1_342' title='bbox 959 2128 1096 2158; x_wconf 75' lang='lat' dir='ltr'>Romulus</span> <span class='ocrx_word' id='word_1_343' title='bbox 1131 2129 1284 2166; x_wconf 79' lang='lat' dir='ltr'>Augustum</span> <span class='ocrx_word' id='word_1_344' title='bbox 1292 2138 1371 2158; x_wconf 79' lang='lat' dir='ltr'>vocat</span> <span class='ocrx_word' id='word_1_345' title='bbox 1381 2128 1581 2161; x_wconf 75' lang='lat' dir='ltr'>orenifilium,</span> <span class='ocrx_word' id='word_1_346' title='bbox 1597 2140 1653 2158; x_wconf 89' lang='lat' dir='ltr'>non</span> <span class='ocrx_word' id='word_1_347' title='bbox 1665 2130 1854 2166; x_wconf 75' lang='lat' dir='ltr'>Augustulum.</span> <span class='ocrx_word' id='word_1_348' title='bbox 1874 2129 1901 2157; x_wconf 73' lang='lat'>8&lt;</span> <span class='ocrx_word' id='word_1_349' title='bbox 1918 2129 1946 2157; x_wconf 71' lang='lat' dir='ltr'>ln</span> 
     </span>
     <span class='ocr_line' id='line_1_35' title="bbox 286 2167 1948 2206; baseline -0.002 -8"><span class='ocrx_word' id='word_1_350' title='bbox 286 2171 425 2206; x_wconf 73' lang='lat' dir='ltr'>Augustus</span> <span class='ocrx_word' id='word_1_351' title='bbox 435 2183 500 2200; x_wconf 77' lang='lat' dir='ltr'>vcro</span> <span class='ocrx_word' id='word_1_352' title='bbox 510 2174 620 2200; x_wconf 86' lang='lat' dir='ltr'>nomine</span> <span class='ocrx_word' id='word_1_353' title='bbox 629 2170 830 2199; x_wconf 68' lang='lat' dir='ltr'>dicebatur-:sed</span> <span class='ocrx_word' id='word_1_354' title='bbox 847 2171 883 2198; x_wconf 88' lang='lat' dir='ltr'>ob</span> <span class='ocrx_word' id='word_1_355' title='bbox 898 2168 1029 2206; x_wconf 82' lang='lat' dir='ltr'>puerilem</span> <span class='ocrx_word' id='word_1_356' title='bbox 1038 2174 1099 2195; x_wconf 68' lang='grc' dir='ltr'>κη-</span> <span class='ocrx_word' id='word_1_357' title='bbox 1128 2168 1265 2196; x_wconf 78' lang='lat' dir='ltr'>veteribus</span> <span class='ocrx_word' id='word_1_358' title='bbox 1276 2169 1402 2197; x_wconf 76' lang='lat' dir='ltr'>Nur-nmis</span> <span class='ocrx_word' id='word_1_359' title='bbox 1410 2167 1508 2195; x_wconf 78' lang='lat' dir='ltr'>dicitur</span> <span class='ocrx_word' id='word_1_360' title='bbox 1529 2177 1537 2194; x_wconf 94' lang='grc' dir='ltr'>ι</span> <span class='ocrx_word' id='word_1_361' title='bbox 1551 2177 1571 2195; x_wconf 80' lang='grc' dir='ltr'><strong>Μ</strong></span> <span class='ocrx_word' id='word_1_362' title='bbox 1585 2176 1608 2195; x_wconf 66' lang='grc' dir='ltr'>ι».</span> <span class='ocrx_word' id='word_1_363' title='bbox 1628 2177 1655 2195; x_wconf 89' lang='lat' dir='ltr'>c.</span> <span class='ocrx_word' id='word_1_364' title='bbox 1668 2177 1685 2194; x_wconf 77' lang='lat' dir='ltr'>n</span> <span class='ocrx_word' id='word_1_365' title='bbox 1696 2177 1714 2194; x_wconf 90' lang='lat' dir='ltr'>o</span> <span class='ocrx_word' id='word_1_366' title='bbox 1726 2176 1746 2194; x_wconf 83' lang='grc' dir='ltr'><strong>Μ</strong></span> <span class='ocrx_word' id='word_1_367' title='bbox 1758 2176 1775 2194; x_wconf 92' lang='grc' dir='ltr'><strong>υ</strong></span> <span class='ocrx_word' id='word_1_368' title='bbox 1789 2175 1805 2194; x_wconf 82' lang='grc' dir='ltr'>ι,</span> <span class='ocrx_word' id='word_1_369' title='bbox 1816 2175 1833 2194; x_wconf 91' lang='grc' dir='ltr'><strong>υ</strong></span> <span class='ocrx_word' id='word_1_370' title='bbox 1851 2174 1864 2192; x_wconf 75' lang='grc' dir='ltr'>ι</span> <span class='ocrx_word' id='word_1_371' title='bbox 1883 2175 1900 2193; x_wconf 74' lang='grc' dir='ltr'><strong>Α</strong></span> <span class='ocrx_word' id='word_1_372' title='bbox 1912 2173 1948 2194; x_wconf 81' lang='grc' dir='ltr'>υ·</span> 
     </span>
     <span class='ocr_line' id='line_1_36' title="bbox 285 2203 1946 2244; baseline -0.004 -7"><span class='ocrx_word' id='word_1_373' title='bbox 285 2215 338 2234; x_wconf 76' lang='lat' dir='ltr'>tem</span> <span class='ocrx_word' id='word_1_374' title='bbox 348 2209 430 2244; x_wconf 82' lang='lat' dir='ltr'>vulgo</span> <span class='ocrx_word' id='word_1_375' title='bbox 449 2209 620 2241; x_wconf 64' lang='lat' dir='ltr'>Aunustulus</span> <span class='ocrx_word' id='word_1_376' title='bbox 631 2211 791 2242; x_wconf 59' lang='grc' dir='ltr'>ὼιιομςιιῦς</span> <span class='ocrx_word' id='word_1_377' title='bbox 808 2208 969 2237; x_wconf 57' lang='grc' dir='ltr'>νοιὺιωτ.</span> <span class='ocrx_word' id='word_1_378' title='bbox 989 2212 1020 2231; x_wconf 81' lang='lat' dir='ltr'>ut</span> <span class='ocrx_word' id='word_1_379' title='bbox 1038 2203 1101 2230; x_wconf 83' lang='lat' dir='ltr'>scri·</span> <span class='ocrx_word' id='word_1_380' title='bbox 1127 2213 1173 2232; x_wconf 81' lang='lat' dir='ltr'>ou</span> <span class='ocrx_word' id='word_1_381' title='bbox 1187 2214 1257 2234; x_wconf 73' lang='grc' dir='ltr'>ετυ</span> <span class='ocrx_word' id='word_1_382' title='bbox 1269 2215 1292 2233; x_wconf 80' lang='lat' dir='ltr'>s.</span> <span class='ocrx_word' id='word_1_383' title='bbox 1311 2214 1336 2233; x_wconf 75' lang='grc' dir='ltr'>ι».</span> <span class='ocrx_word' id='word_1_384' title='bbox 1354 2213 1378 2233; x_wconf 71' lang='lat' dir='ltr'>r.</span> <span class='ocrx_word' id='word_1_385' title='bbox 1396 2214 1412 2233; x_wconf 80' lang='grc' dir='ltr'><strong>Α</strong></span> <span class='ocrx_word' id='word_1_386' title='bbox 1426 2213 1444 2232; x_wconf 88' lang='grc' dir='ltr'>υ</span> <span class='ocrx_word' id='word_1_387' title='bbox 1456 2214 1482 2232; x_wconf 74' lang='grc' dir='ltr'>ο.</span> <span class='ocrx_word' id='word_1_388' title='bbox 1502 2212 1664 2242; x_wconf 77' lang='lat' dir='ltr'>quamquam</span> <span class='ocrx_word' id='word_1_389' title='bbox 1689 2203 1815 2232; x_wconf 85' lang='lat' dir='ltr'>nonnulli</span> <span class='ocrx_word' id='word_1_390' title='bbox 1838 2205 1946 2240; x_wconf 75' lang='lat' dir='ltr'>Mony-</span> 
     </span>
     <span class='ocr_line' id='line_1_37' title="bbox 285 2241 1589 2280; baseline -0.002 -8"><span class='ocrx_word' id='word_1_391' title='bbox 285 2245 320 2272; x_wconf 71' lang='grc' dir='ltr'>δίε</span> <span class='ocrx_word' id='word_1_392' title='bbox 332 2243 955 2280; x_wconf 68' lang='lat' dir='ltr'>P··ocopsusinlib.1.Gothiniti0.Cuiaccedir</span> <span class='ocrx_word' id='word_1_393' title='bbox 967 2242 1097 2272; x_wconf 64' lang='lat' dir='ltr'>Evagrius</span> <span class='ocrx_word' id='word_1_394' title='bbox 1127 2241 1185 2269; x_wconf 86' lang='lat' dir='ltr'>lum</span> <span class='ocrx_word' id='word_1_395' title='bbox 1193 2244 1484 2279; x_wconf 79' lang='lat' dir='ltr'>vocanrgravierrore.</span> <span class='ocrx_word' id='word_1_396' title='bbox 1509 2241 1589 2277; x_wconf 71' lang='lat' dir='ltr'>Valefi</span> 
     </span>
     <span class='ocr_line' id='line_1_38' title="bbox 284 2276 1942 2319; baseline -0.005 -7"><span class='ocrx_word' id='word_1_397' title='bbox 284 2282 311 2308; x_wconf 71' lang='lat' dir='ltr'>in</span> <span class='ocrx_word' id='word_1_398' title='bbox 329 2280 361 2307; x_wconf 81' lang='lat' dir='ltr'>lib</span> <span class='ocrx_word' id='word_1_399' title='bbox 387 2290 410 2307; x_wconf 85' lang='lat'>2-</span> <span class='ocrx_word' id='word_1_400' title='bbox 427 2292 470 2318; x_wconf 83' lang='lat' dir='ltr'>cap</span> <span class='ocrx_word' id='word_1_401' title='bbox 502 2286 540 2311; x_wconf 83' lang='lat'>¹6.</span> <span class='ocrx_word' id='word_1_402' title='bbox 560 2283 703 2312; x_wconf 81' lang='lat' dir='ltr'>Cedrenus</span> <span class='ocrx_word' id='word_1_403' title='bbox 714 2291 769 2319; x_wconf 82' lang='lat' dir='ltr'>pag.</span> <span class='ocrx_word' id='word_1_404' title='bbox 783 2284 838 2310; x_wconf 81' lang='lat'>188.</span> <span class='ocrx_word' id='word_1_405' title='bbox 859 2283 982 2315; x_wconf 67' lang='grc' dir='ltr'><strong><em>Ρωμὼο.</em></strong></span> <span class='ocrx_word' id='word_1_406' title='bbox 1002 2279 1099 2306; x_wconf 61' lang='grc' dir='ltr'>ἵῦἱιιλάυ</span> <span class='ocrx_word' id='word_1_407' title='bbox 1164 2287 1182 2314; x_wconf 88' lang='lat' dir='ltr'>g</span> <span class='ocrx_word' id='word_1_408' title='bbox 1201 2279 1298 2316; x_wconf 76' lang='lat' dir='ltr'>Orestes</span> <span class='ocrx_word' id='word_1_409' title='bbox 1309 2282 1464 2315; x_wconf 52' lang='lat' dir='ltr'>Pannonia]</span> <span class='ocrx_word' id='word_1_410' title='bbox 1483 2277 1658 2307; x_wconf 85' lang='lat' dir='ltr'>Scribendum</span> <span class='ocrx_word' id='word_1_411' title='bbox 1674 2277 1784 2305; x_wconf 79' lang='lat' dir='ltr'>videtur</span> <span class='ocrx_word' id='word_1_412' title='bbox 1802 2276 1942 2304; x_wconf 65' lang='lat' dir='ltr'>Pannonbu</span> 
     </span>
     <span class='ocr_line' id='line_1_39' title="bbox 281 2312 1945 2355; baseline -0.007 -4"><span class='ocrx_word' id='word_1_413' title='bbox 281 2320 453 2354; x_wconf 57' lang='grc' dir='ltr'>Αὴονι-έλιο.</span> <span class='ocrx_word' id='word_1_414' title='bbox 470 2318 669 2351; x_wconf 62' lang='lat' dir='ltr'>ualchuscerte</span> <span class='ocrx_word' id='word_1_415' title='bbox 686 2323 712 2348; x_wconf 82' lang='lat' dir='ltr'>in</span> <span class='ocrx_word' id='word_1_416' title='bbox 728 2320 770 2348; x_wconf 84' lang='lat' dir='ltr'>lib.</span> <span class='ocrx_word' id='word_1_417' title='bbox 791 2329 812 2348; x_wconf 92' lang='grc' dir='ltr'>ι.</span> <span class='ocrx_word' id='word_1_418' title='bbox 837 2317 906 2346; x_wconf 84' lang='lat' dir='ltr'>Hist.</span> <span class='ocrx_word' id='word_1_419' title='bbox 937 2316 1094 2355; x_wconf 73' lang='lat' dir='ltr'>Byzantina:</span> <span class='ocrx_word' id='word_1_420' title='bbox 1125 2322 1160 2343; x_wconf 82' lang='lat' dir='ltr'>ex</span> <span class='ocrx_word' id='word_1_421' title='bbox 1171 2316 1262 2346; x_wconf 81' lang='lat' dir='ltr'>Prisco</span> <span class='ocrx_word' id='word_1_422' title='bbox 1273 2317 1500 2355; x_wconf 44' lang='lat' dir='ltr'>Rhetorepagaffi</span> <span class='ocrx_word' id='word_1_423' title='bbox 1513 2316 1527 2344; x_wconf 72' lang='lat' dir='ltr'>‘a</span> <span class='ocrx_word' id='word_1_424' title='bbox 1538 2324 1594 2352; x_wconf 85' lang='lat' dir='ltr'>quo</span> <span class='ocrx_word' id='word_1_425' title='bbox 1605 2317 1682 2344; x_wconf 77' lang='lat' dir='ltr'>etiam</span> <span class='ocrx_word' id='word_1_426' title='bbox 1690 2314 1802 2344; x_wconf 78' lang='lat' dir='ltr'>Orestes</span> <span class='ocrx_word' id='word_1_427' title='bbox 1811 2312 1945 2351; x_wconf 73' lang='lat' dir='ltr'>soepoNu·</span> 
     </span>
    </p>
   </div>
  </div>
 </body>
</html>
