2007 2658
262 87 359 145 718
704 83 1574 136 EXCERPTA''

256 176 323 204 cus
336 163 534 217 pactuatus
547 164 600 204 est
611 193 620 207 .
652 176 695 204 ut
709 164 734 204 fi
750 164 874 205 victus
887 161 1013 204 fuislet
1025 161 1235 204 Odoachar
1245 192 1254 208 ,
1275 176 1348 217 pro
1359 165 1501 203 merito
1511 162 1681 204 laborum
1697 161 1848 207 suorum
1861 164 1919 207 lo·

256 233 304 259 co
318 224 397 271 ejus
410 227 426 269 ,'
452 219 542 259 dum
560 220 780 265 adveniret,
813 221 963 260 tantum
981 230 1247 275 praeregnaret.
1282 222 1384 274 Ergo
1394 218 1688 274 superveniente
1700 219 1920 263 Theoderi-
1975 257 1979 261 .

259 289 308 314 co
324 278 490 316 Patricio
501 275 551 316 de
563 280 720 316 civitate
732 278 848 317 Nova
860 289 945 316 cum
978 288 1070 315 ente
1086 274 1258 314 Gothica
1270 302 1280 320 ‚
1316 273 1443 314 missus
1456 275 1500 316 ab
1529 278 1768 330 Imperatore
1781 277 1918 318 Zeno·
1976 316 1988 323 ,,

257 343 306 370 ne
319 331 368 372 de
381 332 552 386 partibus
572 335 749 373 Orientis
763 331 809 373 ad
821 331 934 372 defen
968 331 1104 370 endam
1119 329 1186 370 fibi
1201 329 1358 370 Italiam.
1393 333 1465 371 Cui
1478 335 1647 372 occurrit
1659 335 1832 373 venienti
1856 335 1916 374 O·
1974 363 1980 370 ξ

254 386 424 428 doachar
436 388 482 429 ad
498 388 654 428 fluvium
669 390 851 430 Sontium
866 418 875 433 ,
909 393 947 430 &
960 387 1007 426 ibi
1021 399 1192 442 pugnans
1201 400 1286 426 cum
1307 385 1446 427 eodem
1460 417 1470 433 ‚
1501 387 1624 428 victus
1637 386 1739 444 fiagit„
1775 391 1838 429 At
1849 402 1918 429 ve·
1982 379 1986 383 ”

258 444 304 482 τὸ
319 444 505 484 Odoacer
515 445 607 485 abiit
621 450 658 484 in
670 448 865 485 Veronam
882 474 890 487 ‚
924 448 961 485 ὃς
975 441 1257 482 fixitfossatum
1271 445 1308 481 in
1320 456 1461 498 campo
1473 447 1625 485 minore
1640 444 1867 484 Veronense
1878 459 1914 487 v.

255 499 446 541 Kalendas
459 500 657 541 Octobris.
689 500 819 554 Ibique
831 498 1052 554 persecutus
1067 498 1120 538 est
1146 511 1233 538 eum
1254 498 1520 540 Theodericus
1533 529 1542 544 ‚
1575 505 1613 541 &
1637 502 1763 555 pugna
1786 498 1887 542 fasta
1899 529 1914 550 ,

254 556 480 596 ceciderunt
491 555 624 611 populi
636 556 680 595 ab
693 568 851 608 utraque
862 566 992 609 parte:
1015 566 1143 595 tamen
1155 554 1352 609 superatus
1364 555 1574 596 Odoachar
1587 554 1682 610 fugit
1696 558 1916 597 Ravennam

253 611 379 665 pridie
390 610 578 653 Kalendas
592 612 791 651 octobris.
807 614 854 650 Et
866 610 1141 665 perambulavit
1155 610 1423 653 Theodericus
1437 615 1619 653 Patricius
1631 611 1914 662 Mediolanum,

260 672 299 708 &
313 667 552 709 tradiderunt
565 668 601 706 se
618 666 669 705 illi
683 669 844 706 maxima
857 680 943 721 pars
955 668 1148 708 exercitus
1163 666 1357 710 Odoacris
1371 698 1380 714 ‚
1412 681 1567 709 necnon
1584 674 1622 709 &
1650 669 1658 692 i
1684 665 1783 708 Tufa
1795 671 1918 724 Magi·
1980 695 1987 701 -

255 722 330 763 ster
341 724 502 764 mIlitum
520 751 529 767 ,
560 735 675 776 quem
691 723 937 764 ordinaverat
951 722 1163 764 Odoachar
1173 737 1259 764 cum
1273 725 1540 780 Optimatibus
1554 723 1627 764 suis
1650 724 1733 764 Kal.
1750 726 1916 779 Aprilis.

253 782 312 819 Eo
325 793 427 820 anno
440 776 565 818 miffus
578 777 630 818 est
643 777 740 819 Tufa
756 779 933 835 Magister
956 779 1119 820 militum
1133 783 1154 819 a
1167 779 1418 822 Theoderico
1439 792 1579 821 contra
1600 779 1825 821 Odoacrem
1843 782 1916 822 Ra-

253 848 431 875 vennam.
464 837 634 874 Veniens
648 837 829 877 Faventia
843 833 941 875 Tufa
953 864 962 882 ,
977 833 1129 875 obsedit
1142 834 1365 877 Odoacrem
1378 852 1464 878 cum
1486 839 1656 878 exercitu
1670 849 1756 876 cum
1767 850 1847 891 quo
1859 836 1917 879 di-

252 891 379 931 retstus
389 888 532 942 fuerat3
549 896 585 933 ὅ(
599 894 691 931 exiit
703 891 913 932 Odoachar
924 890 973 931 de
986 892 1167 931 Ravenna
1180 920 1191 938 ,
1221 897 1259 934 &
1272 898 1380 933 venit
1392 896 1612 934 Faventiam
1624 921 1636 940 ,
1656 898 1696 936 &
1725 891 1824 933 Tufa
1836 904 1916 934 tra-

214 987 219 995 ,
254 946 351 986 didit
366 945 539 986 Odoacri
552 948 732 987 Comites
746 946 1171 994 PatriciiTheoderici,
1193 952 1231 990 &
1254 948 1350 989 miffi
1369 949 1457 989 sunt
1478 952 1516 989 in
1537 948 1664 993 ferro,
1695 953 1734 991 &
1758 948 1919 991 adducti

254 1005 485 1042 Ravennam.
518 1006 544 1043 F
557 1016 579 1044 Α
594 1017 616 1044 υ
633 1018 653 1044 s
668 1016 699 1044 τ
713 1018 738 1044 o
773 1016 791 1045 ε
806 1015 837 1045 τ
869 1004 899 1044 L
914 1018 939 1044 o
956 1018 982 1044 N
998 1017 1022 1043 ε
1037 1016 1085 1044 m
1102 1018 1140 1044 o.
1171 1005 1244 1045 His
1257 1004 1489 1046 Consulibus
1500 1003 1710 1046 Odoachar
1723 1007 1804 1046 Rex
1820 1009 1915 1047 exiit

252 1059 302 1097 de
316 1059 534 1106 Cremona,
570 1059 825 1102 &ambulavit
836 1058 1118 1100 Mediolanum.
1149 1062 1261 1099 Tunc
1274 1072 1466 1100 venerunt
1488 1060 1720 1114 Wifigothae
1746 1064 1785 1100 in
1807 1061 1915 1114 adju-

251 1117 395 1155 torium
409 1115 670 1168 Theoderici,
704 1121 742 1158 &
766 1114 864 1157 faCta
875 1115 929 1156 est
948 1129 1073 1172 pugna
1092 1114 1203 1170 super
1222 1117 1379 1158 fluvium
1398 1114 1584 1157 Adduam
1597 1144 1606 1160 ,
1631 1119 1670 1157 &
1691 1114 1915 1158 ceciderunt

250 1171 388 1226 populi
401 1172 448 1212 ab
460 1184 621 1227 utraque
633 1184 744 1227 parte
757 1190 764 1211 :
777 1178 815 1214 ὅ(
829 1171 978 1212 occisus
989 1172 1043 1213 est
1072 1173 1090 1199 k
1111 1173 1255 1214 Pierius
1268 1173 1417 1213 Comes
1442 1170 1753 1214 Domesticorum
1773 1187 1786 1212 ι
1801 1185 1816 1212 1
1829 1185 1863 1212 1.
1879 1175 1915 1214 1-

251 1224 323 1266 dus
340 1227 534 1283 Augustas
550 1258 559 1272 ‚
592 1233 629 1270 &
643 1227 739 1286 fugit
754 1227 966 1269 Odoachar
978 1230 1199 1271 Ravennam
1214 1259 1223 1275 ,
1255 1234 1292 1271 &
1305 1243 1397 1269 mox
1408 1228 1627 1269 subsecutus
1654 1227 1708 1268 est
1732 1240 1819 1268 eum
1842 1229 1915 1270 Pa-

251 1285 384 1323 tricius
405 1283 677 1326 Theodericus
688 1287 849 1327 veniens
863 1288 900 1326 in
913 1287 1069 1329 pineta,
1096 1285 1232 1327 &fixit
1244 1281 1423 1326 fossatum
1437 1315 1447 1330 ‚
1480 1283 1665 1326 obfidens
1686 1282 1914 1327 Odoacrem

250 1338 415 1379 clausum
431 1353 500 1394 per
512 1343 718 1381 triennium
734 1342 915 1382 Ravenna
927 1372 940 1393 ,
975 1346 1012 1384 &
1026 1340 1168 1383 factum
1182 1341 1361 1397 estusque
1375 1341 1421 1382 ad
1436 1340 1498 1381 sex
1511 1340 1659 1382 solidos
1677 1339 1830 1381 modius
1842 1345 1914 1382 tri-

251 1396 329 1434 tici.
361 1399 410 1436 Et
421 1400 581 1436 mittens
593 1397 827 1452 legationem
838 1396 1108 1438 Theodericus
1120 1396 1266 1438 Festum
1279 1410 1394 1454 caput
1412 1399 1545 1438 Senati
1557 1395 1603 1438 ad
1617 1397 1825 1438 Zenonem
1839 1398 1915 1439 Im-

249 1460 473 1504 peratorem
486 1483 495 1499 .
520 1458 558 1495 ὅ(
571 1453 615 1493 ab
629 1453 768 1494 eodem
781 1453 937 1508 sperans
950 1453 1094 1496 vestem
1105 1453 1145 1495 se
1165 1453 1323 1495 induere
1333 1457 1483 1510 regiam.
1507 1455 1547 1495 O
1568 1466 1591 1494 1.
1602 1466 1628 1494 Y
1642 1466 1662 1493 s
1679 1466 1727 1494 ιῐ
1748 1468 1774 1494 o
1797 1456 1843 1494 V.
1858 1455 1905 1496 C.

251 1507 345 1547 Coi.
384 1510 475 1548 Hoc
502 1509 680 1550 Consule
693 1513 785 1550 exiit
800 1509 1012 1552 Odoachar
1024 1512 1106 1552 Rex
1118 1509 1168 1551 de
1180 1512 1363 1552 Ravenna
1371 1511 1491 1551 noste
1501 1523 1588 1550 cum
1602 1508 1758 1550 Herulis
1772 1509 1912 1565 Ingres-

249 1560 311 1602 sus
326 1566 364 1602 in
377 1565 512 1605 Pineta
528 1595 537 1609 ‚
560 1569 598 1606 in
610 1565 750 1607 fossato
765 1568 918 1606 Patricii
934 1566 1169 1608 Theoderici
1183 1596 1192 1612 ‚
1205 1572 1243 1609 ὃς
1257 1566 1480 1607 ceciderunt
1492 1566 1537 1608 ab
1548 1578 1710 1620 utraque
1724 1578 1835 1620 parte
1845 1579 1913 1608 ex·

252 1622 413 1664 ercitus,
447 1625 484 1661 δε
510 1619 658 1676 fugiens
688 1623 696 1649 ¹
725 1621 854 1662 Levila
865 1623 1044 1678 Magister
1057 1624 1220 1663 militum
1235 1622 1429 1664 Odoacris
1445 1652 1454 1668 ‚
1485 1622 1632 1663 ochsus
1653 1621 1706 1662 est
1731 1625 1768 1662 in
1790 1621 1908 1664 fluvio

250 1677 442 1716 Veiente:
461 1681 498 1718 &
512 1677 636 1717 vietus
651 1676 1135 1732 OdoacerfugitRavenna
1149 1678 1274 1718 Idibus
1301 1680 1415 1727 Juliis.
1452 1683 1572 1734 Igitur
1595 1678 1752 1718 coactus
1774 1676 1910 1719 Odoa-

250 1730 344 1771 char
359 1729 470 1772 dedit
482 1732 602 1773 filium
616 1733 721 1774 suum
736 1732 912 1773 Thelane
924 1733 1097 1774 obfidem
1111 1732 1362 1774 Theoderico
1373 1762 1384 1778 ,
1416 1746 1575 1787 accepta
1587 1734 1665 1774 fide
1688 1734 1858 1774 securum
1873 1733 1911 1774 se

252 1784 328 1827 esse
338 1787 388 1828 de
398 1787 588 1844 sanguine.
617 1791 681 1830 Sic
698 1785 879 1842 ingressus
892 1788 944 1828 est
956 1789 1245 1839 Theodericus:
1267 1795 1304 1831 δε
1321 1789 1406 1844 post
1417 1789 1565 1843 aliquot
1577 1789 1660 1830 dies
1682 1789 1772 1830 dum
1795 1792 1830 1829 ei
1852 1790 1912 1830 0-

254 1842 699 1889 doacharinfidiaretur,
722 1843 903 1884 detectus
923 1847 1034 1885 caute
1056 1846 1103 1887 ab
1126 1858 1175 1885 eo
1201 1857 1418 1899 praeventus
1431 1848 1467 1885 in
1500 1843 1671 1891 Palatio,
1702 1857 1816 1885 manu
1848 1844 1913 1888 sua

252 1899 521 1942 Theodericus
534 1914 619 1941 eum
633 1905 670 1941 in
682 1902 886 1941 Lauretum
897 1905 1158 1955 praeveniente
1176 1900 1305 1956 gladio
1327 1904 1534 1942 interemit.
1570 1902 1695 1951 Cujus
1721 1897 1913 1942 exercitus

255 1959 292 1994 in
308 1956 440 1997 cadem
456 1955 518 1997 dIe
523 1956 623 2010 jussu
635 1955 1224 1999 Theodericiomnesinterfeffl
1248 1957 1353 2000 sunt,
1380 1962 1465 2011 quis
1486 1957 1549 1998 ubi
1574 1960 1705 2012 potuit
1738 1960 1910 2011 reperire

255 2025 340 2052 cum
355 2017 463 2053 omni
475 2012 590 2068 stirpe
601 2013 685 2054 sua:
700 2019 738 2056 ὅ(
751 2016 917 2055 moritur
927 2013 1279 2071 Constantinopoli,
1291 2013 1407 2054 Zeno
1422 2016 1638 2070 Imperator
1649 2042 1662 2064 ‚
1674 2018 1712 2057 ὃ(
1725 2010 1846 2055 fastus
1856 2013 1910 2055 est

256 2068 474 2123 Imperator
485 2069 718 2112 Anastasius.
1922 2092 1924 2096 r

293 2163 300 2187 i
320 2162 384 2197 Tufh
394 2164 511 2197 Magister
520 2163 658 2202 militium]
681 2165 773 2201 Hujus
780 2166 900 2192 meminit
915 2163 1057 2192 Ennodiux
1095 2173 1262 2193 memoratur
1271 2165 1301 2192 ab
1311 2165 1443 2202 Eugipp1'o
1453 2166 1478 2192 in
1487 2167 1547 2193 Vita
1557 2165 1683 2193 Severini.
1702 2163 1778 2191 Idem.

258 2198 284 2224 in
302 2200 362 2224 Vita
378 2201 403 2226 S.
421 2202 568 2237 EpIphauii.
591 2203 618 2228 δι
637 2202 755 2230 Historia
772 2201 886 2230 Miscella
901 2203 927 2228 in
944 2202 986 2228 hb.
1005 2211 1068 2228 xvt.
1135 2200 1143 2229 l
1163 2201 1256 2230 Levila
1267 2202 1533 2239 Magistermilhmm]
1556 2200 1907 2240 Libelladiciruranonymo

257 2243 337 2267 quem
347 2238 535 2270 primnscdidit
546 2241 685 2267 Gruterus
693 2249 724 2270 ex
735 2239 1065 2267 membramsmbliothecae
1100 2239 1238 2266 Fastorum
1250 2240 1387 2270 Auctore.
1406 2249 1486 2275 quem
1495 2243 1595 2275 primus
1604 2237 1684 2264 edidit
1701 2239 1880 2276 Cuspinianus
1897 2249 1906 2266 .-

255 2271 385 2299 Palation.
408 2274 486 2305 Valel.
1099 2275 1192 2303 sedhic
1202 2286 1257 2303 cam
1267 2285 1382 2313 pugnam
1392 2277 1475 2304 refert
1484 2275 1635 2305 Consulatu
1647 2275 1731 2302 Fausti
1743 2279 1768 2304 &
1779 2277 1905 2313 Longini·

293 2309 312 2336 k
330 2311 426 2338 Pierim
436 2314 522 2338 Comes
536 2311 754 2352 Domesticorum]
776 2314 828 2343 Hic
843 2313 946 2341 Comes
961 2314 1066 2342 Pierius
1097 2321 1233 2350 perperam
1243 2313 1320 2342 :chm
1329 2321 1425 2349 praetcr
1432 2316 1531 2342 horum
1541 2315 1741 2348 Excerptorum
1749 2313 1905 2344 Auctorem.
