2007 2658
0 2175 3 2206 i

0 2118 3 2155 ἑ
61 2111 83 2140 2
104 2141 122 2168 f
135 2139 270 2176 Maeulofivs
277 2141 343 2168 tales
351 2143 477 2177 apPeUans
485 2139 665 2178 &firdidoaj
684 2139 785 2169 Eadem
800 2148 880 2169 meta-
908 2141 1062 2172 cia'entibus,
1077 2139 1133 2172 ὢν.
1151 2138 1392 2177 ἰηΜΠὶκτὲεὺειτιιι·
1402 2142 1410 2173 ,’
1420 2140 1534 2177 samium
1542 2151 1574 2169 ex
1581 2141 1654 2169 incid.
1668 2150 1716 2174 eu„-

148 81 962 147 Vfflfigss'gssggg?332¹}kffig‘qffi‘g{¹²c¹¹g‡sf*ffi·0¹’gffi232ss
1002 84 1118 134 UB·
1139 89 1290 135 XXX·
1312 89 1455 136 CAP·
1471 89 1557 139 ῙΧ·
1632 91 1690 154 65
1700 107 1728 153 9

73 157 128 196 mi
143 156 255 197 licere
267 158 335 198 sibi
348 159 486 199 euntia
496 158 754 198 existimantes
772 190 782 206 ,
807 161 844 198 &
856 157 908 196 ad
941 166 950 189 ὅ
974 158 1271 212 supplicandum
1290 165 1502 204 contrarios
1516 166 1726 205 exturban-

72 212 225 266 dosque
238 214 414 254 meliores
427 215 585 267 pronius
604 215 774 255 inclinati
788 241 800 259 ,
829 214 921 253 bene
935 213 1091 253 vestitos
1105 217 1240 256 oderat
1251 245 1263 264 ‚
1295 224 1334 259 ὃς
1348 221 1520 260 eruditos
1534 246 1545 265 ,
1576 226 1617 261 &-
1627 235 1728 276 opu-

70 267 225 317 lentos,
255 274 292 310 &
310 270 454 309 nobiles
475 273 533 309 :&
545 269 711 309 fortibus
723 268 948 310 detrahebat
961 296 972 316 ‚
1003 281 1046 309 ut
1058 270 1160 309 solus
1171 273 1364 314 videretur
1388 275 1497 314 bonis
1520 277 1665 316 artibus
1689 291 1726 316 et-

71 325 219 378 minere
235 339 243 363 :
269 334 284 352 e
308 338 390 378 quo
401 324 504 364 vitio
512 325 686 365 exarsisse
699 326 920 378 Principem
932 324 1094 380 legimus
1108 327 1367 369 Hadrianum.
1404 332 1603 384 Arguebat
1618 333 1682 372 hic
1697 334 1726 375 i,-

69 379 162 420 dem
178 380 360 433 Princeps
374 380 534 420 timidos
546 380 682 434 saepius
695 409 706 428 ‚
736 384 746 408 s
774 381 988 421 maculosos
1000 382 1092 421 tales
1101 382 1299 436 appellans
1312 389 1350 424 ὃς
1371 386 1547 427 sordidos
1560 415 1571 432 ‚
1603 391 1642 426 Sc
1672 390 1726 427 in-

68 445 128 474 tra
141 435 282 476 sortem
296 435 485 476 humilem
496 437 784 480 amandandos:
805 438 1035 490 ad'pavores
1056 438 1182 477 irritos
1205 438 1409 493 aliquoties
1440 443 1622 493 abjeffius
1643 443 1725 497 pal-

69 490 148 530 lens
164 517 177 537 ‚
202 494 241 531 &
255 492 367 545 quod
379 492 569 546 nusquam
581 504 660 532 erat
692 502 709 525 4
729 501 747 527 g
769 493 844 532 'rma
854 503 980 532 niente
1000 492 1224 534 formidans.
1258 496 1354 548 Qo
1373 496 1568 536 intellesto
1595 500 1725 552 Magi·

67 544 140 586 ster
156 545 397 588 offici-orum
412 548 615 603 Remigius
628 577 638 593 ,
668 548 758 588 clim
771 562 859 588 eum
870 562 919 588 ex
932 549 1255 589 incidentibusira
1268 549 1415 591 fervere
1436 551 1586 591 sentiret
1598 580 1610 599 ‚
1640 554 1658 580 h
1678 555 1725 594 fi-

66 602 123 642 eri
143 603 272 643 motus
285 603 476 657 quosdam
492 604 708 645 barbaricos
720 605 819 644 inter
830 605 903 644 alia
915 603 1149 645 subserebat:
1173 604 1332 660 hocque
1354 606 1417 646 ille
1434 607 1571 646 aud-ito
1586 634 1597 653 ,
1631 611 1725 660 quia

66 658 209 698 timore
220 673 314 699 mox
328 658 597 714 frangebatur,
626 670 671 700 ut
684 661 903 700 Antoninus
917 660 1008 700 Pius
1034 672 1114 700 erat
1133 660 1281 701 serenus
1299 666 1336 702 &
1360 662 1539 702 clemens.
1557 662 1725 717 Judices

64 727 288 769 numquam
297 715 478 756 consulto
491 716 681 770 malignos
694 716 830 770 elegit:
845 716 910 756 sed
926 715 952 755 s1
963 715 1077 756 semel
1087 728 1293 770 promotos
1306 731 1417 772 agere
1428 719 1568 759 didicit
1590 720 1727 758 imma-

64 770 164 810 niter
177 782 194 818 ,'
220 771 425 826 Lycurgos
437 772 617 813 invenisse
627 771 667 811 se
680 772 917 826 praedicabat
939 775 977 812 &
992 771 1145 812 Caffios
1157 800 1169 818 ,
1197 773 1699 828 columinaJustitioeprisca
1714 790 1723 814 ε

64 824 317 882 scribensque
330 827 558 868 hortabatur
569 827 716 866 aflidue
730 853 743 873 ‚
770 837 815 867 ut
826 840 947 868 noxas
963 827 1025 868 vel
1036 828 1137 869 leves
1155 829 1328 869 acerbius
1352 830 1602 870 vindicarent.
1633 830 1677 870 N
1681 844 1725 870 ec

61 880 224 924 affliffis
238 914 249 932 ‚
278 882 398 924 fifors
407 882 606 938 ingruisset
615 881 796 929 inferior,
827 894 908 924 erat
929 883 1102 924 ullumin
1122 883 1316 939 Principis
1339 885 1574 940 benignitate
1588 885 1726 938 'pei-fu-

32 976 39 982 ,
63 939 323 1000 gium:quod
339 938 487 993 semper
499 948 543 979 ut
566 940 714 993 agitato
725 939 821 978 mari
837 939 1016 994 jafflitis,
1050 951 1189 995 portus
1210 942 1341 994 patuit
1359 952 1586 996 exoptatus.
1616 941 1725 982 Finis

63 1007 168 1089 pnim
187 994 281 1048 justi
301 995 481 1049 imperii,
509 1005 554 1035 ut
574 996 768 1048 'sapientes
794 995 943 1036 docent
956 1022 970 1043 ‚
999 997 1144 1037 utilitas
1164 996 1432 1038 obedientium
1455 997 1662 1038 aestimatur
1683 1000 1722 1039 Sc

81 1050 174 1090 alus.
1047 1055 1050 1059 ’

127 1106 167 1146 C
181 1118 208 1145 A
219 1119 258 1149 Ρ.
289 1107 310 1147 I
321 1105 374 1147 X.
405 1106 722 1148 Consentaneum
733 1105 786 1146 est
796 1107 925 1149 veni-re
936 1107 1022 1162 post
1035 1107 1119 1148 haec
1132 1109 1274 1162 adej-us
1296 1109 1402 1150 astus
1423 1110 1638 1163 sequendos
1668 1124 1725 1151 rc-

66 1160 131 1202 &e
142 1160 387 1204 sentientibus
402 1166 442 1204 &
455 1163 678 1217 probandos
692 1177 700 1201 ε
712 1176 803 1203 cum
835 1163 977 1217 quibus
990 1164 1016 1204 fi
1034 1164 1192 1218 reliqua
1205 1165 1451 1219 temperasset
1463 1193 1476 1217 ,
1504 1167 1658 1206 vixerat
1679 1177 1724 1206 ut

65 1216 258 1270 Trajanus
274 1222 314 1259 δε
329 1218 502 1261 Marcus.
532 1220 577 1260 In
605 1219 860 1272 provinciales
884 1220 1099 1260 admodum
1126 1234 1290 1275 parcus,
1320 1221 1555 1262 tributorum
1576 1222 1724 1275 ubique

66 1272 243 1314 molliens
256 1272 416 1314 sarcinas
429 1275 690 1329 :oppidorum
702 1278 740 1315 &
754 1274 923 1315 limitum
937 1277 1119 1316 conditor
1130 1275 1380 1331 tempestivus
1397 1277 1587 1317 :militari-s
1608 1277 1724 1318 disci-

64 1329 183 1384 plinae
197 1329 328 1371 censor
338 1331 505 1372 eximius
518 1358 530 1378 ‚
542 1332 580 1371 in
591 1330 670 1371 hoc
685 1332 837 1371 tantum
848 1331 1024 1372 deerrans
1039 1361 1050 1376 ,
1079 1333 1191 1386 quod
1204 1333 1292 1372 cum
1317 1334 1581 1388 gregariorum
1606 1335 1722 1373 etiam

64 1385 165 1427 levia
176 1387 331 1440 puniret
344 1397 468 1427 errata
479 1417 491 1434 ,
514 1388 524 1412 i
550 1387 752 1441 potiorum
762 1387 909 1427 ducum
921 1388 1069 1443 flagitia
1081 1388 1267 1443 progredi
1284 1388 1426 1429 sinebat
1436 1390 1474 1428 in
1498 1392 1617 1443 majus
1628 1417 1641 1437 ‚
1671 1390 1723 1430 ad

65 1441 244 1496 querelas
257 1442 295 1482 in
309 1455 375 1482 eos
389 1453 515 1482 motas
527 1443 735 1496 aliquoties
756 1442 1046 1494 obsurdescens:
1067 1445 1169 1485 unde
1199 1444 1414 1484 Britannici
1437 1444 1616 1499 strepitus
1637 1473 1651 1492 ,
1681 1449 1723 1486 &

64 1495 262 1538 Africanae
273 1497 402 1539 clades
413 1526 426 1546 ,
453 1502 492 1539 &
505 1497 657 1538 vastitas
671 1496 820 1538 emersit
836 1499 991 1554 lllyrici.
1022 1500 1147 1540 Omni
1172 1501 1375 1554 pudicitiae
1395 1501 1505 1540 cultu
1528 1501 1638 1541 domi
1660 1513 1723 1540 ca-

65 1550 145 1608 stus
164 1558 204 1594 δε
229 1553 348 1601 foris,
380 1554 487 1594 nullo
510 1555 694 1609 contagio
713 1554 954 1596 conscientiae
977 1556 1143 1596 violatus
1165 1555 1360 1602 obscenae,
1391 1556 1486 1596 nihil
1506 1555 1689 1596 incestum
1711 1571 1721 1596 ε

62 1607 247 1662 hancque
255 1611 309 1650 ob
320 1610 470 1650 causam
484 1621 685 1664 tamquam
700 1611 918 1650 retinaculis
930 1612 1181 1665 petulantiam
1218 1612 1384 1652 frenarat
1417 1612 1513 1652 aulae
1549 1612 1685 1666 regalis
1708 1627 1718 1652 :

65 1665 182 1718 quod
192 1665 386 1706 custodire
397 1665 510 1706 facile
521 1667 677 1719 potuit,
708 1664 1044 1706 necessitudinibus
1058 1667 1130 1707 suis
1154 1666 1248 1707 nihil
1273 1667 1503 1721 indulgens,
1533 1682 1631 1722 quas
1652 1678 1720 1707 aut

64 1718 107 1761 in
119 1721 203 1761 otio
213 1718 446 1776 reprimebat
459 1748 472 1769 ,
500 1731 566 1761 aut
578 1722 824 1762 mediocriter
834 1722 1042 1764 honoravit
1055 1750 1067 1770 ‚
1096 1723 1241 1777 absque
1255 1720 1373 1762 fratre
1391 1737 1401 1762 ε
1421 1735 1543 1777 ‚quem
1564 1733 1721 1777 tempo-

87 1819 100 1845 3
124 1807 387 1848 Mfisupplicandum.
424 1820 443 1844 4
461 1811 508 1847 Mf
524 1813 709 1839 imamenra.}'r.
725 1814 776 1840 ima
790 1817 901 1839 mente]
915 1812 962 1840 les?

102 1857 888 1865 Ἥ
954 1858 972 1885 g
991 1852 1115 1876 lnattente
1124 1847 1298 1885 formidans]
1323 1850 1352 1875 In
1361 1848 1452 1877 codice
1460 1851 1546 1885 Regio
1568 1849 1610 1884 [&
1620 1849 1717 1888 Coum]

64 1884 197 1914 ·reddere,
215 1884 374 1913 humiliores
388 1884 608 1921 infirmioresque
622 1886 753 1921 redigere,
772 1885 887 1913 fibisub-
918 1886 1047 1921 scriptum
1062 1888 1149 1922 reperi
1164 1902 1171 1913 ‚
1192 1887 1330 1912 imamenta
1344 1885 1504 1919 fornudmzs,
1524 1885 1634 1922 perinde
1650 1896 1677 1913 ac
1692 1889 1720 1914 in

68 1920 418 1957 jicereatquesummittere
432 1923 635 1958 adversantes]
655 1922 714 1950 Had
730 1922 810 1957 Vales.
918 1923 964 1949 Ms.
975 1923 1046 1949 Flor.
1058 1924 1160 1949 exstare
1176 1924 1283 1948 monuit
1301 1921 1517 1957 Lindenbr-ogi'us
1546 1924 1576 1950 [n
1590 1923 1720 1950 Editionc

105 1968 120 1986 e
168 1967 198 1985 uo
206 1960 273 1985 vitio
288 1958 402 1994 exarstffi
414 1961 552 1994 Principem
568 1959 673 1995 legimus
690 1958 847 1986 Hadrianum
867 1960 878 1994 'l
916 1961 985 1995 Aug.
995 1960 1091 1994 legitur
1101 1980 1108 1990 ‚
1127 1961 1319 1993 tmagtnimenta
1331 1957 1488 1990 formidans,
1509 1968 1542 1986 ex
1559 1961 1720 1994 imaginario-

66 1997 259 2033 Spnrn'nnusin
269 1996 406 2023 Hadriano
418 2006 423 2022 ;
433 1997 568 2034 Qamvu
576 1995 630 2034 effic
639 1992 792 2026 oratione&
806 1996 882 2031 veaeffu
912 2005 959 2026 ne,
979 1996 1012 2023 fic
1021 1997 1091 2023 enim
1100 1995 1256 2031 loquihceat
1265 2012 1271 2022 ,
1293 1993 1421 2024 Accurfii.
1439 1995 1489 2022 Sed
1498 1995 1597 2023 arridet
1605 1997 1717 2025 omnino

65 2032 273 2069 promptiffimus·‚
292 2029 362 2066 &in
369 2033 482 2060 amnibus
489 2032 586 2064 arttbm
603 2033 774 2068 perittffimuss
795 2038 880 2058 tamen
910 2033 1067 2067 conjeElmra
1077 2032 1282 2067 Lindenbmgii,
1302 2033 1354 2058 ima
1363 2031 1605 2067 menteformidam.
1623 2032 1700 2061 Idem.

65 2075 110 2105 pro
124 2066 322 2106 qfflaresomnium
330 2071 433 2097 artium·
435 2068 534 2106 semper
549 2068 674 2096 utdoflior
689 2067 757 2106 nfit,
775 2074 881 2095 contem·
946 2070 963 2096 h
983 2071 1050 2097 Fieri
1063 2076 1144 2096 morus
1156 2068 1310 2105 quosdam]
1334 2067 1491 2103 Legendum
1508 2069 1559 2095 esse
1573 2068 1692 2096 arbitror
1707 2085 1716 2097 ,

119 2123 127 2135 ,
146 2103 334 2135 obtrivit‚o&c.
356 2106 502 2134 Lindenbr.
909 2108 970 2134 cieri
978 2112 1071 2134 motus,
1090 2103 1144 2137 &a
1164 2105 1198 2132 sic
1206 2105 1345 2139 superiore
1354 2104 1419 2131 linea
1428 2113 1494 2140 pro,
1513 2104 1569 2133 crim
1578 2115 1630 2131 eum
1639 2115 1670 2132 ex
1678 2107 1718 2132 in-

62 2177 156 2214 *p'horss
166 2177 324 2206 Ambrofius
332 2180 359 2205 in
369 2179 450 2215 Epist.
461 2181 484 2206 6.
504 2179 572 2205 dixit
579 2178 743 2206 maculosum
751 2186 804 2214 pro
812 2179 882 2213 igna-
908 2180 966 2207 dem
974 2187 1077 2206 errore.
1096 2177 1173 2206 Idem.

0 2212 3 2234 i
62 2221 104 2242 vo
115 2224 122 2242 t
130 2215 282 2254 Qaeramus
288 2213 359 2242 nobis
366 2218 442 2244 viam
449 2214 594 2252 inacceffbm
594 2214 749 2253 sermonibus
756 2214 885 2250 mjolenti..
944 2218 953 2243 i
972 2217 1093 2242 Potiorum
1101 2214 1188 2242 ducum
1191 2214 1298 2250 flagitia
1303 2213 1416 2249 progredi
1416 2213 1524 2250 sinebat.
1533 2215 1547 2261 J
1559 2213 1626 2241 Vide
1636 2213 1715 2257 supra

63 2257 128 2280 mv
149 2253 252 2279 inviam
251 2252 407 2288 sermonibus
419 2254 605 2289 imperitorum,
624 2261 701 2290 quam
709 2252 789 2279 nullus
795 2252 880 2280 ma'cu-
904 2252 936 2279 ad
944 2246 984 2279 lib.
996 2260 1061 2279 xxx.
1071 2250 1114 2278 sed
1123 2253 1149 2280 δι’
1159 2250 1286 2279 Zosimus
1295 2251 1322 2278 id
1330 2249 1474 2280 confirmat
1485 2260 1491 2279 :
1501 2253 1520 2288 ις.
1531 2263 1569 2279 vra
1584 2253 1623 2280 τὰ
1639 2253 1715 2286 ἀρχου-

65 2285 128 2322 lolus
143 2287 255 2318 deterat,
278 2287 878 2327 maculqlutseilieetxgnaviaeJuaefhrdibus.Va·
903 2301 946 2322 τας
954 2290 1146 2326 §effingentem
1169 2287 1250 2314 Idem.

1105 2326 1258 2367 Oooo
1291 2340 1314 2378 ²,
