2007 2658
13 0 23 23 sl

18 55 23 131 l
75 64 597 126 ⁶²cztaitaezrilisszefzzr⁵⁴·
616 69 693 90 ‘²⁶¹0
869 64 989 111 ΜΒ.
1012 68 1143 113 ΧΧΙ.
1172 69 1258 115 CA
1268 70 1315 116 Ρ.
1334 69 1416 116 lx·
1553 86 1575 116 2
1586 88 1611 134 9
1620 91 1650 134 9

21 136 41 197 {i
51 142 259 199 praeberent
271 140 439 184 immenfi
450 167 463 188 ‚
473 137 762 193 formidineque
773 139 912 180 cuneta
923 140 1175 193 complerent.
1197 143 1246 182 Id
1255 145 1354 183 enim
1368 149 1407 186 &
1437 154 1463 171 1¹¹
1483 146 1650 187 Alexan·

22 198 77 240 let
89 199 258 253 Magnus
274 203 312 240 &
325 197 463 241 deinde
474 195 536 234 alii
546 195 673 249 plures
687 222 698 241 ,
719 195 878 249 negotio
890 195 945 234 ita
964 194 1145 248 poscente
1157 225 1167 241 ‚
1193 200 1305 249 periti
1319 199 1442 240 fecere
1455 203 1654 243 du&ore5..

22 245 223 298 Mandabat
245 265 368 295 tamen
389 251 539 305 egressis
554 277 566 297 ‚
593 260 636 289 ut
650 261 850 305 tamquam
866 250 974 291 hoste
987 253 1164 304 protinus
1175 254 1380 295 occursuro
1393 259 1500 296 ocius
1515 258 1649 311 grade-

23 321 136 350 *entut
152 338 164 357 ‚
188 307 438 362 stationesque
449 307 655 346 moliturum
678 310 882 361 agerent&
896 306 1045 360 vigilias
1059 334 1071 352 ‚
1094 317 1102 334 ¹
1133 321 1179 346 ne
1192 308 1403 362 improviso
1426 314 1648 353 invaderen-

27 380 72 406 ur
83 364 251 406 excursu.

65 422 104 461 C
117 435 141 461 A
155 435 188 459 Ρ.
218 419 237 459 Ι
250 418 302 458 Χ.
333 417 485 470 Qubus
502 416 556 456 ita
568 428 610 456 ut
623 417 827 458 videbatur
841 417 933 472 apte
943 416 1137 471 dispositis
1151 444 1161 465 ,
1192 432 1300 458 more
1314 434 1394 472 quo
1407 424 1548 464 traffltus
1562 438 1646 478 perm

51 485 158 529 perat
176 473 273 528 saepe
292 474 532 519 barbaricos,
544 475 736 514 contextis
759 473 986 514 successibus
999 473 1121 514 fidens
1133 502 1143 517 ,
1156 475 1368 528 porreffius
1383 477 1435 515 ire
1447 482 1643 532 pergebat.

10 546 16 553 ·
46 530 247 584 umquead
268 529 399 569 locum
411 528 568 569 venisset
579 530 682 569 unde
702 531 873 584 navigari
885 529 991 584 posse
1009 529 1149 570 didicit
1161 530 1304 570 flumen
1317 531 1472 577 ,lembis
1494 535 1647 575 adscen-

4 604 10 607 “
33 599 70 632 s,
82 598 181 640 quos
191 585 417 640 opportune
425 583 505 624 fors
525 584 683 625 dederat
696 586 885 638 plurimos
896 613 908 633 ,
919 599 987 640 per
998 585 1151 626 alveum
1165 585 1187 640 ζ
1190 597 1378 640 quantum
1392 587 1475 627 fieri
1487 590 1643 642 potuit)

43 641 192 683 rebatur
204 642 360 681 occulte
375 656 383 680 ε
396 641 485 681 ideo
496 640 613 680 latens
627 672 645 687 ,
657 642 770 695 quod
793 642 998 682 toleranter
1009 645 1048 682 Sc
1062 640 1216 681 fortiter
1227 642 1367 683 nullius
1384 644 1461 686 cibi
1471 645 1646 699 indigens

43 698 212 738 undioris
226 725 238 744 ‚
266 697 332 737 sed
357 699 488 750 paucis
502 706 705 736 contentus
720 701 760 737 &
772 697 910 738 vilibus
922 724 935 743 ,
966 696 1119 750 oppida
1132 696 1341 738 forinsecus
1375 707 1391 724 2
1412 700 1595 740 transibat
1606 706 1646 741 ὅτ

48 752 137 794 stra:
149 753 320 793 imitatus
352 761 362 786 ³
383 753 580 806 egregium
590 752 687 796 illud
700 753 799 807 Cyri
809 753 948 795 veteris
963 751 1111 793 dietum
1125 780 1138 800 ,
1169 754 1341 806 quicum
1354 754 1502 796 delatus
1514 757 1563 797 ad
1577 757 1647 797 ho-

48 810 141 850 item
153 836 166 857 ‚
176 810 471 863 interrogaretur
487 807 534 847 ab
546 821 593 846 eo
605 808 703 861 quid
714 809 767 848 ad
778 807 1002 850 convivium
1016 810 1143 862 parari
1152 809 1308 850 deberet
1319 838 1332 858 ,
1340 825 1478 866 panem
1491 812 1644 867 respon-

30 875 108 905 erat
127 863 249 905 solum
263 879 271 904 :
283 864 430 918 sperare
442 865 541 904 enim
566 865 690 904 aiebat
701 877 828 918 prope
858 872 876 896 4
895 865 1021 904 rivum
1041 863 1078 904 se
1099 876 1339 906 cenaturum.
1371 867 1494 908 Fama
1515 870 1608 909 vero
1627 901 1646 917 ‚

0 957 6 964 ,
31 933 89 960 uae
111 920 215 960 mille
236 919 261 974 ζ
270 930 314 959 ut
334 918 472 973 aiunt)
493 919 632 973 linguis
665 929 684 946 ¹¹
704 934 832 964 rerum
855 919 988 961 misere
1007 931 1216 975 exaggerat
1238 921 1357 962 fidem
1370 950 1383 970 ‚
1404 937 1474 978 per
1493 924 1646 980 Illyrios

65 988 130 1017 nes
141 975 324 1016 celebrior
337 973 570 1018 fundebatur
581 1003 594 1023 ,
616 975 818 1030 Julianum
831 975 944 1016 strata
957 990 1027 1031 per
1039 976 1187 1017 Gallias
1210 978 1464 1020 multitudine
1486 980 1646 1035 Regum

0 1055 2 1074 l
49 1033 222 1087 gentium
235 1058 247 1080 ,
265 1030 468 1073 numeroso
481 1032 651 1075 exercitu
667 1035 705 1076 &
716 1031 944 1077 succeffibus
956 1032 1154 1073 tumidum
1165 1034 1278 1074 variis
1290 1035 1510 1076 adventare.
1550 1038 1647 1091 Quo

0 1107 5 1131 ι
45 1101 150 1128 more
161 1086 353 1142 perculsus
365 1086 572 1129 Praefeuus
583 1087 772 1128 Praetorio
785 1089 943 1133 Taurus
959 1116 974 1137 ,
983 1099 1027 1134 ut
1038 1088 1186 1129 hostem
1199 1090 1323 1130 vitans
1333 1102 1508 1132 exterum
1521 1104 1648 1133 matu-

0 1141 3 1188 Ι
50 1142 232 1184 discessit:
245 1141 451 1197 vestrisque
463 1144 680 1187 mutatione
691 1144 804 1185 celeri
813 1145 942 1185 cursus
954 1145 1103 1199 publici
1117 1172 1130 1192 ,
1151 1145 1316 1186 transitis
1329 1147 1495 1201 Alpibus
1503 1148 1619 1202 Juliis
1630 1177 1643 1199 ,

0 1196 4 1242 ἱ
49 1199 138 1240 dem
151 1199 230 1239 istu
246 1199 489 1239 Florentium
501 1199 636 1243 itidem
650 1200 882 1245 Praefet‘tum
902 1200 1031 1241 secum
1046 1201 1223 1242 abduxit.
1248 1201 1417 1243 Levibus
1441 1214 1572 1244 tamen
1589 1205 1647 1244 in-

0 1258 7 1297 i
30 1254 109 1296 iciis
119 1253 232 1308 super
245 1254 392 1310 Juliani
404 1266 515 1296 motu
541 1255 776 1297 Lucillianus
787 1257 959 1312 percitus
982 1257 1131 1298 Comes
1147 1262 1161 1304 ‚'
1183 1259 1254 1311 qui
1278 1272 1347 1311 per
1366 1258 1448 1299 illas
1469 1260 1645 1314 regiones

0 1301 9 1356 ἰ
37 1324 75 1351 m
86 1310 243 1351 curabat
253 1324 297 1351 ea
311 1310 535 1364 tempestate
555 1311 775 1358 castrensem
792 1341 805 1361 ,
830 1311 1027 1367 agensque
1036 1313 1143 1366 apud
1158 1313 1341 1353 Sirmium
1357 1341 1371 1361 ,
1390 1315 1530 1355 milites
1554 1330 1646 1356 con-

42 1379 156 1421 egans
168 1379 269 1421 quos
280 1381 329 1407 ex
340 1366 566 1409 stationibus
582 1369 749 1421 propriis
761 1369 877 1409 acciri
887 1368 1090 1408 celeritatis
1102 1369 1201 1408 ratio
1214 1369 1464 1423 permittebat
1474 1401 1492 1424 ᾳ,
1505 1381 1646 1423 ventu-

52 1421 214 1463 refistere
224 1422 435 1477 cogitabat.
455 1423 532 1465 Sed
543 1423 607 1462 ille
617 1434 661 1463 ut
674 1422 740 1471 fax
751 1425 813 1465 vel
825 1423 1000 1464 incensus
1009 1423 1208 1465 malleolus
1230 1425 1439 1466 volucriter
1450 1427 1509 1466 vad
1530 1427 1644 1469 deffi-

31 1488 85 1517 2ta
96 1477 273 1518 festinans
286 1505 300 1525 ,
320 1488 338 1505 0
357 1479 446 1519 cum
457 1478 614 1520 venisset
625 1479 842 1527 Bononiam
853 1508 866 1527 ,
892 1480 913 1520 ὲ
925 1480 1067 1520 Sirmio
1089 1478 1269 1520 milliario
1281 1495 1387 1521 nono
1410 1482 1644 1536 disparatam

11 1581 13 1586 Α
31 1547 36 1572 ;
54 1533 210 1574 decimo
221 1560 236 1581 ,
254 1532 462 1574 senescente
477 1535 586 1574 Luna
598 1562 610 1580 ‚
632 1535 804 1589 ideoque
815 1534 1042 1576 obscurante
1053 1535 1177 1575 nostis
1189 1536 1399 1576 maximam
1423 1549 1574 1591 partem
1585 1568 1596 1590 ³.
1621 1540 1644 1579 ὲ

0 1579 15 1632 l!
45 1589 241 1631 viexfiluit
263 1589 492 1643 improvisus
504 1589 728 1643 :statimque
741 1599 754 1622 5
776 1590 1065 1645 Dagalaiphum
1077 1590 1178 1630 mifit
1191 1604 1283 1631 cum
1293 1593 1489 1647 expeditis
1501 1595 1552 1635 ad
1564 1594 1644 1635 Lu-

0 1655 13 1687 Ι
35 1645 190 1703 llianum
201 1645 423 1687 vocandum
435 1673 447 1692 ,
473 1644 782 1701 trahendumque
794 1646 820 1686 si
833 1647 1069 1686 reniteretur.
1097 1647 1179 1700 Qui
1191 1657 1279 1703 tumv
1287 1643 1402 1688 etiam
1417 1649 1642 1703 quiescens,

0 1694 19 1740 5?
50 1714 89 1743 m
104 1700 262 1755 strepitu
280 1702 295 1728 ⁶
308 1702 496 1742 excitatus
510 1701 730 1746 turbulento
741 1702 894 1747 vidisset
905 1703 1130 1757 ignotorum
1145 1703 1348 1744 hominum
1361 1704 1396 1744 se
1408 1705 1558 1746 circulo
1569 1708 1643 1748 cir-

51 1754 249 1810 msaeptum
261 1783 274 1804 ,
290 1767 481 1811 concepto
493 1759 652 1812 negotio
665 1786 678 1806 ,
697 1763 735 1799 &
749 1759 999 1813 Imperatorii
1023 1759 1190 1799 nominis
1212 1768 1225 1792 7
1247 1770 1354 1801 metu
1377 1760 1607 1815 praestrifims
1629 1791 1642 1812 ‚

48 1813 207 1867 aeceptis
220 1813 346 1865 paruit
367 1813 608 1854 invitiffimus
633 1829 641 1853 :
664 1814 890 1870 secutusque
915 1814 1081 1856 alienum
1101 1815 1302 1856 arbitrium
1324 1816 1513 1872 Magister
1531 1821 1642 1873 equi,-

43 1881 80 1907 m
92 1895 105 1915 ‚
126 1868 260 1921 paullo
279 1869 367 1909 ante
377 1868 607 1922 superbus&
620 1871 732 1912 ferox
751 1900 764 1919 ,
785 1873 1048 1926 jumentoque
1067 1871 1269 1926 impositus
1290 1875 1495 1927 repentino
1505 1875 1639 1922 ,Prin-

35 1924 76 1977 pi
87 1935 131 1964 ut
142 1924 321 1978 captivus
335 1924 497 1966 offertur
518 1926 719 1981 ignobilis,
740 1928 962 1984 oppressam
983 1939 1129 1968 terrore
1150 1928 1217 1968 vix
1243 1928 1428 1983 colligens
1451 1940 1634 1970 mentem.

40 1978 146 2036 erum
158 1994 247 2020 cum
258 1981 437 2035 primitus
447 1981 548 2022 visus
559 2009 572 2030 ,
595 1982 799 2029 adorandae
810 1998 995 2041 purpurae
1007 1984 1139 2025 datam
1152 1983 1220 2024 fibi
1232 1984 1387 2038 copiam
1399 1986 1642 2044 advertisset,

0 2091 3 2094 >
36 2070 450 2138 1.ffinemoprovisosuo....
472 2073 703 2101 minuaderentur:
728 2083 745 2101 2
758 2074 813 2112 MJJR
838 2077 841 2079 ’
867 2086 885 2103 n
905 2073 1346 2113 Rerummffi’reexaggerarfidem.]
1365 2076 1538 2106 Scribendum
1554 2086 1640 2114 puto,

0 2134 1 2139 ,
43 2116 71 2144 n·
103 2115 136 2146 qt,
149 2110 176 2137 ὅ(
193 2110 373 2136 cat‘remi'tarus
414 2117 424 2142 3
447 2111 529 2145 steph.
544 2112 670 2138 Graecum
705 2120 723 2144 4
740 2114 767 2140 ’τὸ
781 2113 807 2140 se
829 2122 912 2142 rerum
921 2112 1172 2149 mirssxaggfidem.
1190 2111 1270 2147 Valefi
1328 2146 1329 2149 Ἴ
1434 2120 1436 2122 ’
1632 2148 1635 2149 V

39 2139 132 2178 [fal-5
143 2144 190 2182 Ms.
200 2145 372 2182 Dagalaifum.
392 2146 463 2181 6Ms
473 2149 611 2174 excitatus.
633 2157 646 2180 7
659 2147 704 2179 Mfi
721 2156 813 2183 motu„
837 2151 839 2153 ’
868 2159 886 2176 0
907 2146 1084 2187 Cdm'veng'ffi’t
1092 2151 1239 2178 Bononiam,
1250 2147 1267 2177 ἁ
1277 2150 1366 2175 Sirmio
1374 2149 1555 2177 miffiarionono
1562 2149 1643 2188 dtspa'-

18 2207 22 2211 .
831 2183 916 2213 rafam
926 2184 1078 2223 &decimo]
1101 2186 1250 2212 Bononiam
1258 2184 1322 2212 hanc
1336 2185 1492 2221 Bonmunster
1507 2186 1642 2214 hodievo-

6 2225 64 2254 *gm
81 2215 208 2250 Alexand.
218 2220 325 2254 Magnus
334 2215 459 2248 &deinde
468 2219 605 2256 aliiplures
612 2227 623 2253 ]
644 2220 727 2249 Velut
737 2222 813 2250 Leo-1
832 2225 883 2250 cai-'i
907 2219 1036 2250 simlerus
1050 2220 1133 2259 Putat.
1151 2221 1208 2250 Vid.
1229 2222 1401 2251 itinerarium
1426 2225 1560 2251 Antonini
1575 2224 1644 2260 Imp}

10 2267 11 2270 ¹
74 2271 84 2286 ι
98 2250 462 2293 dequoPolyaen.11b.1.pag.
470 2265 510 2290 74.
528 2256 662 2287 Lindenbr.
812 2281 814 2287 ,
832 2258 966 2296 Lindenbr.
1009 2256 1011 2259 ⁴

941 2295 1110 2349 -Pps
