2007 2658
129 107 245 135 Vatms
257 123 263 131 .
274 107 448 130 ΕκΑτιΑιως
458 103 481 128 δε
492 99 673 128 Valentinianus
682 96 863 123 AAA.vaiente

163 131 829 163 ..h
933 94 1049 147 ΜΒ.
1075 102 1534 153 xxxi.cA1>.xi.
1605 104 1703 169 693

59 191 147 218 cum
159 177 204 218 ad
217 175 482 231 opitulandum
497 170 681 229 oppressae
691 173 789 227 parti
800 171 993 224 porreffis
1005 173 1203 214 itineribus
1214 179 1268 215 ire
1281 175 1476 216 tendebat.
1494 175 1710 232 Iisdemque

60 233 193 274 diebus
208 233 400 288 Frigerido
413 231 531 270 multa
542 241 656 282 atque
668 228 774 267 utilia
795 239 867 280 pro
895 225 1097 267 securitate
1114 234 1310 269 communi
1327 231 1579 273 sollertissime
1602 236 1707 289 cogi-

59 293 179 335 tanti,
212 291 437 340 munireque
446 287 671 339 properanti
684 286 896 324 Succorum
924 282 1104 336 angustias
1116 312 1127 330 ‚
1160 297 1209 324 ne
1223 285 1494 325 discursatores
1516 288 1643 329 hostes
1666 295 1705 330 δε

58 344 186 389 leves,
216 356 229 371 r
252 355 443 396 tamquam
474 343 488 366 ⁶
510 340 754 379 exaestuantes
765 341 801 379 vi
815 349 1009 377 torrentes
1021 351 1089 391 per
1117 340 1466 394 Septemtrionales
1488 347 1706 395 provincias

57 399 172 440 fusius
184 410 433 454 vagarentur3
464 393 651 435 succeffor
661 397 816 435 Maurus
828 397 986 432 nomine
999 396 1165 433 mittitur
1187 397 1357 444 Comes,
1386 398 1532 438 venalis
1552 396 1705 438 ferociae

55 455 202 510 specie,
239 453 334 495 &ad
367 462 378 486 7
401 451 538 492 cunCta
550 450 703 492 mobilis
718 456 756 492 &
770 452 937 488 incertus
951 447 1070 488 :idem
1083 464 1197 504 quem
1215 456 1498 505 praeteritorum
1519 465 1629 494 textu
1648 467 1707 494 re-

56 512 231 555 tulimus,
263 507 591 564 ambigentisuper
603 519 748 546 corona
759 506 874 558 capiti
886 504 1122 558 imponenda
1133 506 1281 555 Juliano
1304 508 1466 555 Caesari,
1496 508 1513 535 s
1534 511 1626 550 dum
1646 512 1708 550 in:

56 577 116 606 ter
127 570 208 618 ejus
223 566 457 621 Armigeros
470 563 652 603 militaret
685 566 700 590 8·
716 570 726 588 t
753 574 795 600 ac
809 563 948 615 regiam
959 560 1167 602 custodiret
1180 592 1189 607 ‚
1211 575 1392 617 torquem
1413 563 1588 606 obtulisse
1599 567 1711 607 collo

57 620 296 663 abstrastam.
319 619 584 675 Remotusque
596 621 633 657 in
646 616 725 673 ipsa
734 618 923 671 vertigine
938 621 1179 670 pereuntium
1193 632 1317 659 rerum
1330 621 1416 660 Dux
1427 631 1558 659 cautus
1573 627 1609 663 ὃς
1622 622 1708 662 dili-

54 691 149 734 gens
163 696 171 717 :
185 679 272 717 cum
287 675 430 717 etiamsi
443 674 584 716 dudum
596 671 812 714 disceffisset
826 674 864 710 in
881 674 1026 724 otium,
1048 673 1093 713 ad
1104 676 1351 728 procinetum
1374 674 1502 716 reduci
1526 681 1708 733 negotia¹

56 747 140 775 rum
153 732 413 789 magnitudine
425 731 611 786 poscente
623 730 796 771 deberet.
856 781 857 784 Ἴ

113 792 147 831 C
165 803 184 829 A
197 804 226 830 P.
260 792 300 830 Χ
315 791 340 828 l.
371 790 444 829 His
467 787 570 827 forte
582 786 715 827 diebus
726 784 870 825 Valens
885 783 1038 825 tandem
1055 789 1200 827 excitus
1213 786 1431 826 Antiochia
1445 816 1455 834 ,
1469 788 1711 845 longitudine

52 847 198 888 viarum
212 845 364 886 emensa
393 854 409 871 V
430 847 537 886 venit
550 839 952 893 Constantinopolim:
982 841 1045 880 ubi
1056 854 1229 882 moratus
1242 843 1483 896 pauciffimos
1507 844 1589 886 dies
1609 845 1711 886 sedi·

53 904 242 957 tioneque
253 900 492 956 popularium
503 899 578 937 levi
590 896 757 951 pulsatus
769 925 780 944 ,
811 904 827 922 x
850 894 1071 937 Sebastiano
1083 898 1211 952 paullo
1222 899 1311 938 ante
1323 899 1368 939 ab
1380 899 1486 940 ltalia
1494 912 1536 940 ut
1545 905 1712 955 petierat

49 956 162 999 misso
173 987 183 1004 ,
215 957 416 1012 vigilantiae
428 965 533 995 notae
542 952 698 994 due‘tori.
706 949 890 1009 pedestris
903 956 1092 994 exercitus
1103 956 1193 994 cura
1213 952 1414 997 commiss'a-
1425 984 1437 1003 ,
1466 970 1580 1011 quem
1602 970 1712 1014 rege-

88 1073 105 1099 6
130 1071 176 1107 ΜῙΪ
192 1069 351 1099 exaestuares
366 1077 398 1095 ut
415 1071 441 1095 in
450 1075 520 1094 torr.
560 1075 574 1099 7
594 1066 641 1102 MJ.
656 1065 869 1101 Stephcuneiam

8 1099 12 1102 -
266 1105 308 1140 M]
339 1106 354 1133 d
460 1106 464 1110 ,
935 1073 946 1093 t
966 1068 1004 1094 Ac
1020 1068 1116 1101 regiam
1132 1066 1269 1103 custodiret.
1284 1071 1297 1106 ]
1320 1071 1395 1097 Hanc
1413 1068 1570 1106 scripturam
1587 1068 1711 1110 equidem

52 1110 189 1140 obviasset.
231 1110 244 1133 8
308 1115 337 1132 .a
358 1113 486 1141 rogantia.

899 1103 1014 1138 probare
1023 1112 1078 1130 non
1087 1104 1199 1138 possum.
1222 1107 1333 1133 Maurus
1344 1110 1413 1134 enim
1423 1115 1489 1134 tunc
1506 1115 1633 1142 temporis
1649 1105 1710 1133 cum

832 1174 836 1178 Ι
898 1140 987 1167 Caesar
1001 1141 1064 1167 esset
1077 1140 1219 1176 Julianus,
1244 1145 1351 1178 Regiam
1368 1153 1425 1170 non
1451 1144 1621 1171 custodiebat.
1641 1145 1711 1170 Nam

51 1187 101 1215 que
109 1194 121 1200 -
129 1179 308 1216 -Brigantiam
317 1194 324 1205 ‚
336 1175 575 1203 Arborem-Felicem
584 1193 591 1205 ‚
612 1173 734 1211 Adfines.
742 1190 752 1195 -
761 1190 772 1194 -
783 1189 794 1194 -
803 1174 869 1200 Lm·
899 1177 978 1211 Regia
988 1177 1093 1204 nonnisl
1103 1177 1135 1204 de
1145 1180 1310 1213 Imperatore
1320 1180 1368 1206 dici
1377 1180 1471 1215 potest.
1492 1181 1576 1215 Atqui
1585 1180 1710 1216 Julianus

52 1215 146 1244 (ἴῃ-ὼγ,
898 1220 963 1241 tune
980 1211 1083 1241 tantum
1093 1214 1182 1241 caesar
1199 1223 1261 1242 erat.
1283 1217 1385 1244 Deinde
1400 1218 1512 1244 Maurus
1529 1217 1711 1243 Petulantium

92 1262 109 1288 p
129 1256 176 1280 Per
183 1253 357 1288 Lauriacum]
379 1248 491 1278 Pessime
500 1250 573 1285 vulg.
587 1257 633 1283 per
640 1251 806 1276 inaureatum.
818 1244 866 1274 MC
896 1257 962 1278 tunc
970 1259 1025 1278 erat
1036 1250 1162 1279 Hastatus
1173 1251 1217 1279 seu
1237 1255 1433 1283 Draconarius,
1452 1261 1484 1280 ut
1499 1253 1565 1280 dixit
1583 1252 1728 1280 Marcelli»

53 1290 306 1317 Flomnaureacum.
326 1288 376 1315 Sed
385 1290 539 1319 Lauriacum
548 1287 650 1314 reetum
660 1287 704 1314 est.
728 1286 863 1321 *Eugipp·
895 1296 946 1314 nus
974 1290 1001 1316 in
1019 1288 1061 1316 lib.
1073 1297 1117 1314 xx.
1128 1289 1340 1325 Adlegionarios
1349 1298 1438 1318 autem
1453 1291 1548 1317 milites
1565 1290 1652 1317 Palatii
1665 1299 1713 1317 cu-

52 1336 105 1363 cap.
119 1330 158 1354 18.
176 1336 207 1353 ex
215 1325 296 1362 oppido
306 1328 436 1352 Louriaco.
460 1325 476 1340 ¹*
496 1326 656 1351 Antoninus
668 1326 734 1359 Imp.
748 1325 773 1351 in
784 1324 863 1349 ltine-

53 1373 106 1391 rar.
127 1367 165 1391 De
173 1364 307 1390 Pannoniis
314 1365 339 1389 in
348 1363 445 1389 Gallias·
453 1377 476 1384 --
485 1364 581 1388 Lacum
582 1360 671 1397 felicis
678 1381 685 1392 ,
703 1363 863 1389 Lauriacum.

54 1415 84 1423 --
93 1403 121 1427 A
130 1402 243 1428 Tauruno
252 1402 411 1427 Lauriacum.
434 1401 465 1426 ln
477 1398 532 1426 fine
541 1400 571 1425 1,.-
585 1408 606 1425 1.
616 1400 649 1426 C.
667 1399 771 1426 Theod.
779 1398 811 1425 de
828 1406 865 1425 ta·

54 1437 197 1464 bulariis.--
206 1439 270 1463 Dat.
277 1445 293 1462 v
301 1445 308 1461 ι
315 1446 323 1462 ι
330 1435 473 1473 ι.Κ.ιί.7μΙ.
481 1437 757 1466 Lauriaco‚Marcellino
767 1434 801 1468 &¹
811 1439 868 1463 Pro-

895 1323 977 1353 stodia
985 1335 1039 1353 non
1050 1326 1212 1361 pertinebat,
1232 1326 1275 1353 sed
1284 1327 1313 1354 ad
1323 1327 1468 1354 Scholares.
1489 1328 1593 1354 Turbat
1610 1336 1652 1354 me
1668 1335 1708 1353 ta-

894 1370 968 1391 men,
991 1362 1067 1399 quod
1085 1364 1220 1390 Maurusia
1232 1364 1389 1392 Marcellino
1399 1364 1442 1392 hic
1458 1364 1557 1392 dicitur
1573 1366 1645 1391 inter
1662 1364 1714 1398 Ju-

895 1397 953 1425 liam
966 1401 1124 1435 Armigeros
1134 1401 1260 1427 milit-asie.
1284 1401 1329 1428 Est
1343 1411 1431 1429 autem
1450 1403 1575 1436 Armiger
1598 1398 1711 1437 proprie

894 1435 1041 1467 scholaris,
1063 1439 1111 1473 qui
1121 1446 1171 1472 pro
1187 1437 1281 1473 palatio
1299 1439 1422 1466 excubat.
1440 1438 1520 1465 Unde
1537 1438 1710 1465 Marcellinus

52 1473 80 1500 bo
92 1473 153 1509 Coff
164 1475 255 1509 Atque
264 1472 325 1500 inde
333 1471 623 1510 Lauriacensisftutaria
632 1492 638 1502 ‚
647 1475 681 1500 lin
694 1475 782 1501 Notit.
800 1475 866 1507 Imp·
890 1472 1032 1502 Scutarium
1041 1483 1117 1501 vocat
1126 1476 1154 1502 in
1162 1475 1207 1501 hac
1217 1482 1271 1509 pag.
1281 1484 1361 1511 quern
1373 1478 1532 1511 Armigerum
1548 1482 1656 1502 vocarat
1671 1476 1713 1500 in-

52 1509 281 1546 subdispofitione
297 1510 463 1537 viriillustris
482 1509 599 1545 Magistri
615 1510 869 1538 officiorumJa'em.

91 1556 107 1582 q
130 1549 368 1584 PerLauriacnm.]
390 1548 422 1580 In
433 1549 518 1582 Regio
527 1546 630 1577 codice,
651 1548 667 1564 *⁵
689 1548 782 1575 Tolos
798 1548 813 1563 '¹⁵
827 1546 867 1581 [ac

53 1585 201 1620 Coibert.]
225 1583 353 1618 scripmm
368 1586 457 1611 inveni
471 1583 580 1620 perinde
593 1586 658 1612 utin
679 1586 839 1613 Florentino
859 1601 866 1612 2

46 1623 266 1656 perinaureacum
279 1629 284 1646 :
295 1621 469 1648 nihilominus
477 1621 643 1648 scribendum
653 1623 704 1649 effe
720 1623 842 1649 existimo
861 1630 866 1646 :

46 1665 92 1692 per
100 1657 182 1693 castra
192 1655 281 1693 quibus
291 1657 377 1683 Felim
389 1657 493 1684 Arboris
501 1667 586 1684 nomen
595 1658 628 1691 23st
636 1679 642 1689 ‚
663 1656 746 1694 &per
755 1662 869 1686 Laurea-

50 1703 118 1724 cum,
137 1691 191 1724 &cx
215 1694 250 1720 Et
259 1692 374 1721 castrum
393 1694 499 1730 quidem
519 1694 585 1727 illud
609 1697 683 1730 quod
699 1696 782 1730 vulgo
800 1696 867 1721 dice-

53 1729 129 1755 ὕεται·
141 1729 248 1755 Arbore
255 1729 337 1758 felici,
359 1730 439 1758 fitum
447 1733 538 1758 eratin
548 1733 641 1758 Raetiis
651 1753 658 1763 ‚
677 1741 708 1760 ut
719 1733 796 1760 docet
807 1733 866 1758 No—

54 1767 111 1792 titia
121 1766 227 1801 Imperii
241 1766 364 1791 Romani.
384 1769 540 1793 Lauriacum
555 1767 623 1793 νει-ὅ
642 1768 686 1794 seu
703 1770 864 1795 Laui-eacum

56 1802 198 1837 (utroque
213 1803 282 1827 enim
292 1801 374 1828 modo
384 1802 458 1829 scribi
466 1802 553 1837 potest
567 1805 577 1839 )
597 1806 687 1831 cratin
704 1806 809 1831 Norico
819 1805 866 1829 Ri-

55 1837 128 1875 pensi
139 1848 145 1863 :
156 1839 232 1872 cu'jus
242 1838 332 1864 crebra
341 1838 372 1865 fit
380 1841 482 1866 mentio
493 1840 522 1866 ab
537 1841 667 1877 Eugippio
675 1843 702 1868 in
718 1843 770 1868 vita
787 1843 866 1867 Seve-

59 1873 294 1902 rinizhodieLork.
315 1876 385 1903 Hinc
394 1877 656 1904 militestuxiliares
673 1878 865 1906 Laureacenfes

58 1913 153 1940 dietiin
165 1912 289 1946 InscriPt.
299 1914 413 1939 Gruter-i
422 1923 445 1949 p.
460 1915 515 1945 ¹64.
536 1913 616 1949 Vales.

96 1959 109 1975 r
130 1949 628 1988 Tamquamexestuantesvitorrentes.]
652 1952 682 1978 ln
695 1951 866 1978 Msstlon&

57 1987 144 2020 Regio
166 1985 183 2001 '⁵
205 1987 232 2013 &
249 1985 344 2012 Tolos.
366 1986 382 2002 ’ὃ
406 1985 453 2020 [ac
464 1988 564 2025 Colb.]
588 1989 614 2015 ὃς
627 1990 654 2015 in
671 1988 798 2015 Editione
812 1990 869 2015 Au-

59 2023 166 2059 gustana
175 2022 209 2049 fic
224 2021 321 2057 legitur
336 2023 477 2054 hiclocus,
495 2031 627 2061 tamquam
643 2024 787 2060 exaestuares
800 2031 828 2051 ut
842 2026 867 2051 in

58 2065 184 2087 torrentes.
203 2058 327 2086 Valesius.
349 2060 547 2096 Patetigiturid
555 2061 630 2097 quod
646 2061 730 2096 vulgo
739 2064 765 2089 in
791 2060 867 2088 editis

59 2097 174 2132 legitur,
195 2104 251 2122 non
269 2095 319 2123 esse
335 2098 464 2124 Ammiani
480 2115 488 2126 ,
508 2099 586 2133 cujus
601 2097 708 2125 videtur
723 2108 816 2126 manus
831 2101 868 2125 ita

60 2132 166 2160 restitui
173 2131 332 2167 exaestuantes
339 2135 398 2162 nivi
404 2140 522 2162 torrentes
529 2155 537 2165 ‚
556 2143 599 2170 atq
604 2144 637 2163 ue
643 2137 720 2162 etiam
728 2135 795 2163 dixit
810 2136 867 2162 for-

61 2169 106 2196 san
122 2168 273 2204 exaestuaces.
287 2170 365 2198 cuius
382 2171 477 2199 formae
495 2172 580 2199 multa
588 2172 793 2208 fimiliacollegit
810 2174 870 2200 Nic.

59 2203 189 2233 Heinsius
195 2204 225 2231 ad
233 2206 321 2234 Ovidii
328 2206 426 2234 librum
438 2218 447 2235 1
455 2217 475 2236 1.
486 2209 620 2237 Amorum
628 2209 692 2244 eleg.
701 2210 724 2236 6.
743 2211 832 2237 Gron.

100 2242 118 2268 s
130 2243 268 2269 Duminter
274 2243 327 2277 ejus
336 2246 481 2281 Armtgeros
494 2245 632 2276 militaret,
648 2255 781 2282 acregtam
796 2245 871 2282 custo-

58 2279 123 2306 h'ret
167 2279 479 2317 Socrat.lib.¹11.cap.1.
501 2281 530 2313 εἷς
545 2286 721 2321 τῶνῶορνφόοων,
743 2292 822 2320 quem
830 2283 872 2311 lo·

60 2324 122 2349 ann
145 2314 226 2343 b.xx.
237 2319 339 2359 notavi.⁴
355 2316 487 2348 Lindenbr.

893 1512 941 1537 itio
955 1513 1045 1546 capitis
1059 1512 1150 1544 hujus.
1173 1513 1265 1547 Itaque
1287 1522 1317 1539 an
1328 1513 1381 1539 haec
1394 1512 1544 1538 emendatio
1560 1511 1640 1545 hujus
1658 1511 1712 1537 loci

896 1548 965 1575 reeta
974 1548 1022 1578 fit,
1040 1548 1136 1575 viderit
1144 1549 1237 1576 letior.
1258 1550 1288 1575 In
1302 1550 1359 1576 Mss.
1372 1549 1480 1584 quidem
1498 1549 1570 1576 Flor.
1581 1551 1609 1576 &
1626 1549 1709 1582 Regio

896 1588 924 1613 δε
947 1584 962 1600 ²*
984 1585 1079 1611 Tolos.
1093 1585 1107 1600 *⁶
1132 1592 1178 1617 [ac
1187 1585 1265 1612 Colb.
1275 1589 1290 1617 J
1311 1588 1372 1613 &in
1385 1585 1510 1612 Editione
1522 1587 1590 1620 Aug.
1600 1585 1709 1620 legitur»

895 1624 1042 1657 arrogantia
1050 1622 1184 1658 custodiret.
1205 1623 1338 1657 Equidem
1353 1621 1387 1648 fic
1403 1623 1494 1657 potius
1510 1621 1637 1657 scriptum
1647 1620 1713 1648 mal-

898 1658 964 1685 lem:
975 1662 1042 1686 Dum
1050 1658 1174 1693 interqius
1183 1660 1328 1693 Armigeros
1335 1659 1470 1688 militaret,
1491 1661 1621 1693 arroganti
1636 1656 1712 1695 confi-

896 1694 981 1721 dentia
1012 1694 1024 1729 [
1042 1696 1084 1722 vel
1100 1713 1107 1723 2
1135 1694 1266 1732 audacia]
1289 1702 1398 1732 torquem
1423 1694 1531 1730 obtultffi’
1545 1712 1552 1722 ‚
1578 1695 1632 1725 &a
1651 1703 1712 1730 quae

896 1731 1028 1767 scriptura
1037 1731 1217 1759 confirmatur
1227 1741 1259 1758 ex
1271 1732 1314 1759 lib.
1322 1741 1367 1758 xx.
1377 1742 1428 1767 cap.
1439 1740 1462 1763 4.
1483 1730 1564 1765 Valefi

930 1777 946 1793 v
968 1769 1062 1794 Valens
1078 1771 1153 1794 venit
1169 1768 1436 1802 Constantinopolim]
1456 1767 1551 1794 Valens
1571 1766 1711 1800 Augustus

895 1803 1352 1838 Constantinopolimingressusest
1364 1813 1385 1836 3*
1396 1803 1527 1839 Cal.Jun.
1543 1803 1600 1839 ipso
1614 1805 1661 1832 Vl.
1682 1806 1710 1831 δε

895 1841 1080 1867 Valentiniano
1091 1849 1108 1866 ,ι
1118 1849 1136 1866 1.
1152 1841 1227 1868 Coss.
1237 1841 1270 1867 ibi
1287 1841 1428 1868 duodecin:
1438 1839 1573 1868 dumtaxat
1587 1848 1711 1867 moratus

895 1877 948 1903 dies
957 1896 964 1907 ‚
984 1877 1123 1912 protritus
1133 1877 1170 1903 est
1180 1886 1211 1903 ex
1223 1878 1290 1904 urbe
1297 1877 1328 1904 ad
1337 1877 1463 1904 fossatum
1470 1878 1510 1904 die
1522 1887 1574 1904 ιιι.
1585 1877 1649 1905 Idus
1659 1878 1709 1912 Ju-

895 1917 958 1943 nias,
968 1922 997 1940 ut
1008 1914 1096 1941 scribit
1106 1914 1204 1941 ldatius
1214 1915 1240 1941 in
1253 1914 1346 1943 Fastis,
1358 1916 1385 1942 &
1402 1916 1557 1942 Socratesin
1567 1915 1609 1941 lib.
1618 1923 1634 1944 4
1654 1921 1708 1948 cap.

899 1959 937 1983 3¹·
959 1951 1086 1978 H1st0riae
1096 1951 1166 1978 Eccl.
1176 1953 1221 1986 qui
1231 1951 1262 1977 de
1272 1951 1399 1978 seditione
1407 1951 1448 1978 illa
1457 1952 1625 1988 popularium
1635 1951 1709 1977 urbis

897 1987 1097 2022 Constantinop
1114 1987 1296 2016 consulendus
1305 1988 1351 2015 est.
1366 1987 1441 2014 Idem.

933 2033 950 2050 x
970 2023 1300 2060 Sebastmnopaudoameah
1310 2025 1501 2063 aphamiam]
1526 2026 1562 2051 At
1579 2024 1707 2051 Zosimus

895 2062 920 2087 in
930 2061 972 2088 lib.
982 2070 1006 2094 4.
1014 2061 1084 2088 hunc
1094 2060 1337 2088 Sebastianumnon
1347 2061 1377 2088 ab
1391 2062 1576 2088 Valentiniano
1593 2062 1709 2099 juniore

893 2106 926 2124 ex
942 2098 1013 2124 Italia
1028 2098 1132 2125 miffum
1148 2099 1183 2124 ait
1191 2097 1222 2124 ad
1238 2098 1391 2125 Valentem,
1414 2097 1457 2124 sed
1472 2097 1597 2125 affectum
1612 2097 1709 2127 taedio,

894 2134 970 2170 quod
993 2134 1148 2162 Occidentis
1166 2136 1346 2169 Imperatores
1361 2134 1446 2162 adhuc
1459 2135 1585 2161 imbecilla
1599 2142 1676 2162 aetate
1691 2133 1706 2161 ‘a

894 2171 1070 2199 Cubiculariis
1079 2171 1208 2198 eunuchis
1218 2181 1268 2207 pro
1275 2172 1386 2198 arbitrio
1396 2179 1564 2206 regerentur,
1572 2172 1634 2198 Con
1640 2170 1709 2197 stan·

895 2210 979 2245 tinop‚
990 2207 1103 2236 venisse,
1122 2207 1263 2244 statimque
1272 2208 1428 2243 Magistrum
1443 2208 1540 2234 militiae
1549 2209 1580 2235 ab
1596 2207 1708 2235 Valente

896 2246 947 2272 effe
955 2245 1060 2272 faeium.
1072 2244 1198 2278 Ejusdem
1208 2245 1346 2272 Sebastiani
1354 2244 1470 2280 elogium
1479 2244 1563 2271 exstat
1571 2244 1638 2281 apud
1649 2246 1708 2271 Sui,-

898 2282 991 2309 damin
1000 2283 1139 2310 meat-mvn,
1156 2290 1188 2308 ex
1206 2282 1333 2309 Historiis
1352 2283 1463 2316 Eunapii
1478 2281 1600 2309 Sardiani.
1627 2282 1708 2307 Periit

896 2327 984 2348 autem
993 2319 1062 2346 bello
1071 2318 1190 2346 Gothico
1201 2336 1208 2348 ,
1228 2327 1260 2348 ut
1272 2318 1441 2357 Marcellinus
1450 2326 1593 2350 memorat.
1613 2319 1654 2344 De
1662 2324 1719 2351 ως

1033 2355 1143 2398 Ssis
1171 2371 1196 2411 3*
