2007 2658
290 112 382 160 DE
420 105 974 160 CONSTANTIO
1011 105 1434 167 MAGNO‚&e.
1587 123 1680 172 711

50 201 198 245 patrem
216 189 490 231 Constantium
511 187 617 228 venit
638 184 745 240 apud
765 181 981 224 Bononiam
995 208 1007 227 ‚
1037 196 1154 234 quam
1178 182 1285 221 Galli
1308 185 1413 236 prius
1434 183 1686 224 Gesoriacum

47 247 251 287 vocabant.
282 245 372 285 Post
384 245 582 285 victoriam
595 252 724 280 autem
738 240 934 280 Pictorum
947 237 1198 276 Constantius
1208 238 1315 289 p'ater
1329 239 1496 279 Eboraci
1509 251 1686 280 mortuus

9 308 16 312 ‘
47 303 124 350 est,
153 307 190 343 &
206 299 664 343 Constantinusomnium
679 297 846 336 militum
868 291 1046 333 consensu
1060 291 1190 331 Caesar
1212 303 1370 333 creatus.
1402 295 1688 336 IntereaCaesa-

49 372 106 398 res
119 359 199 399 duo
214 357 305 399 faeti
318 384 330 404 ,
360 357 522 396 Severus
536 382 548 398 ,
576 357 613 394 &
630 352 888 393 Maximinus:
921 348 1141 390 Maximino
1153 349 1288 388 datum
1301 348 1354 389 est
1366 350 1541 390 Orientis
1555 351 1688 404 Impe-

48 416 169 455 rium:
201 413 376 454 Galerius
389 410 455 450 fibi
468 410 665 465 Illyricum
679 436 692 456 ‚
723 407 911 448 Thracias
933 409 970 444 &
983 403 1206 458 Bithyniam
1218 407 1364 445 tenuit:
1397 407 1558 446 Severus
1568 406 1688 446 susce-

46 471 106 523 pit
123 470 295 515 ltaliam,
328 472 364 508 &
393 466 592 521 quidquid
610 464 819 505 Herculius
834 460 1050 501 obtinebat.
1079 459 1291 513 Postquam
1314 462 1407 501 vero
1436 462 1688 503 Constantius

47 525 65 552 d
85 527 123 565 in
137 526 327 565 Brittania
338 534 511 563 mortuus
522 521 575 562 est
585 549 597 568 ,
625 525 664 561 δε
677 518 953 560 Constantinus
968 515 1067 556 filius
1079 515 1252 556 successit
1262 544 1273 560 ‚
1303 517 1431 556 subito
1444 519 1481 558 in
1496 518 1589 559 urbe
1603 520 1688 558 Ro-

45 593 109 621 ma
119 581 343 621 Praetoriani
355 580 493 619 milites
508 573 753 617 Maxentium
768 574 892 614 filium
905 572 1085 613 Herculii
1097 573 1375 626 Imperatorem
1395 585 1580 615 crearunt.
1612 574 1690 615 Sed

45 636 247 678 adversum
263 636 507 679 Maxentium
525 633 627 687 jussu
638 631 783 671 Galerii
795 630 956 670 Severus
976 629 1093 669 duxit
1105 630 1332 668 exercitum.
1367 630 1449 683 Qi
1471 631 1629 683 repente
1640 631 1689 671 ab

45 693 224 738 omnibus
235 692 309 732 suis
324 692 494 732 desertus
504 688 557 729 est
568 717 579 735 ,
609 692 648 730 δε
664 688 889 728 Ravennam
900 683 1024 739 fugit:
1056 685 1106 724 de
1127 684 1216 724 hinc
1228 685 1404 724 Galerius
1423 699 1511 725 cum
1526 687 1693 741 ingenti-

43 748 115 789 bus
127 750 251 802 copiis
267 749 436 790 Romam
455 747 561 787 venit
579 772 589 789 ,
620 744 788 784 minatus
811 743 979 782 civitatis
1004 741 1226 787 interitum,
1258 745 1299 785 ὃς
1318 740 1439 780 castra
1461 742 1692 782 Interamnae

42 805 93 845 ad
103 805 280 845 Tiberim
292 803 431 859 posuit.
462 801 581 843 Tunc
603 800 752 855 legatos
772 799 822 838 ad
839 797 987 838 Urbem
1014 795 1114 836 milit
1129 797 1321 836 Licinium
1341 800 1379 836 &
1398 797 1569 838 Probum
1582 825 1595 845 ,
1624 811 1693 851 per

42 861 300 916 conloquium
322 871 455 914 petens
485 868 500 886 ⁶
525 868 570 897 ut
589 870 704 910 gener
720 854 827 908 apud
849 852 1022 893 socerum
1041 880 1053 900 ‚
1080 853 1122 892 id
1146 852 1199 892 est
1213 853 1438 893 Maxentius
1450 855 1556 908 apud
1576 853 1696 894 Gale-

41 918 142 958 rium
156 917 334 972 precibus
347 915 466 968 magis
483 913 601 966 quam
614 912 728 952 armis
737 920 876 963 optata
888 919 1131 950 mercaretur.
1166 909 1249 961 Qui
1261 920 1516 965 contemptus
1528 938 1540 958 ‚
1571 923 1693 965 agno-

41 974 100 1014 vit
109 972 300 1027 promiffis
312 973 486 1011 virorum
510 968 706 1008 Maxentii
734 968 750 995 f
772 976 899 1021 partes
920 964 1003 1005 suas
1026 964 1249 1005 deseruisse:
1281 966 1425 1020 quibus
1442 967 1694 1021 perturbatus

40 1040 143 1070 retro
155 1027 282 1069 versus
293 1026 372 1073 est,
402 1030 441 1067 &
463 1035 507 1065 ut
521 1025 635 1064 militi
655 1023 724 1064 suo
749 1023 921 1078 praedam
944 1035 1235 1076 quamcumque
1249 1021 1469 1070 conferret‘,
1498 1031 1516 1059 g
1535 1023 1561 1049 ’¹‘
1585 1023 1698 1064 flam-

41 1085 159 1126 minia
161 1083 270 1136 jussit
281 1081 436 1123 auferri.
465 1079 537 1121 Ille
547 1080 598 1120 ad
610 1078 909 1121 Constantinum
924 1077 1082 1133 refugit.
1113 1079 1235 1119 Tunc
1259 1078 1438 1120 Galerius
1463 1080 1485 1107 ¹¹
1504 1080 1544 1120 in
1568 1079 1701 1135 Illyri·

44 1176 234 1204 &Zonarasin
244 1173 397 1203 Constantii
427 1172 525 1200 Chlori
540 1174 616 1202 Vita,
632 1180 690 1208 pag,
705 1172 765 1205 246.
784 1170 859 1199 Adde
889 1177 930 1196 ter
947 1169 1065 1198 Balufius
1082 1170 1113 1197 ad
1128 1177 1207 1206 caput
1224 1170 1480 1199 xxv11.LaEtantii;
1499 1173 1599 1207 quippe
1613 1180 1700 1207 quum

44 1213 227 1250 Nicephorum
236 1213 262 1239 in
270 1211 308 1239 lib.
316 1220 335 1238 Ιν
342 1217 495 1247 n.eap.29.
515 1207 596 1245 Valefi
888 1215 995 1243 putaret
1010 1207 1066 1234 haec
1083 1207 1161 1234 verba
1175 1210 1311 1241 pertinere
1326 1206 1357 1234 ad
1365 1217 1392 1234 ea
1405 1207 1574 1244 cumquibus
1582 1209 1703 1242 conjun-

79 1250 97 1277 d
117 1253 146 1277 ln
155 1250 315 1285 Brittania]
337 1250 379 1275 Sic
387 1247 582 1275 inmembranis
597 1244 854 1283 Jac.Sirmundi⁴-·x-
886 1253 1007 1280 guntur,
1026 1244 1142 1280 ideoque
1151 1243 1263 1271 flammis
1273 1243 1342 1272 tradi
1351 1253 1379 1271 ea
1386 1244 1503 1277 J'uffiffe,
1524 1253 1585 1280 quae
1599 1245 1700 1272 auferri

41 1295 145 1314 aratum
154 1285 207 1315 est,
226 1294 260 1313 ne
270 1287 330 1322 quis
338 1281 413 1312 forte
426 1283 553 1312 mendum
569 1283 806 1320 typographorum
814 1281 858 1308 hic
886 1291 943 1309 non
953 1281 1074 1317 poffent,
1094 1289 1124 1309 ut
1134 1281 1152 1307 fi
1163 1284 1223 1317 quis
1238 1281 1341 1318 insequi
1356 1281 1499 1310 voluisset,
1519 1279 1655 1311 utensilia,
1672 1281 1700 1308 id

42 1321 141 1351 subefl‘e
150 1321 288 1350 existimet.
309 1321 359 1350 Sed
370 1323 431 1350 &in
446 1320 511 1350 Rufi
523 1320 589 1348 Festi
607 1321 742 1347 Breviario
760 1321 857 1346 Britta-
884 1319 922 1345 est
931 1338 937 1348 ,
957 1327 1000 1346 res
1008 1317 1039 1345 ad
1050 1318 1152 1346 vidium
1163 1319 1313 1346 neceffarias
1323 1335 1330 1346 ‚
1341 1327 1398 1345 non
1408 1317 1513 1345 haberet
1523 1336 1530 1347 ‚
1549 1326 1581 1346 ut
1591 1319 1625 1345 ibi
1633 1319 1696 1346 dicit

43 1362 113 1388 niam
123 1360 221 1396 ubique
230 1360 357 1395 scriptum
365 1359 441 1387 habet
450 1366 530 1386 veru-s
539 1358 623 1386 codex
635 1357 858 1385 BibliothecaeRe—

44 1399 92 1433 giae
102 1418 110 1428 ,
124 1398 286 1424 Graecorum
294 1405 371 1423 more
380 1397 427 1432 qui
435 1396 559 1432 ’ΒρετΊανοὺς
566 1394 667 1421 dicunt.
687 1393 764 1421 Idem.

81 1442 97 1460 e
114 1434 229 1468 Utgener
237 1432 305 1468 apud
304 1432 453 1467 fiturum]
471 1434 638 1459 Maxentium
655 1431 753 1458 Galerii
771 1430 854 1457 Maxi-

44 1471 258 1505 mianigenerum
271 1469 363 1500 fuiffe,
380 1475 477 1505 praeter
483 1468 556 1495 hunc
561 1468 652 1495 locum
659 1467 773 1495 testatur
780 1474 855 1493 vete-

43 1509 81 1534 ris
91 1505 338 1542 nummiinscriptio
346 1507 376 1532 ab
394 1505 558 1533 Eminentiss.
579 1504 719 1532 Cardinale
736 1505 855 1532 Baronio

44 1546 72 1570 in
82 1543 228 1570 Annalibus
237 1543 375 1580 produeta.
394 1542 490 1569 victor
499 1543 646 1579 quoquein
663 1543 792 1577 Epitome
807 1551 814 1565 .-
829 1542 856 1566 Is

44 1582 192 1607 Maxentius
201 1589 274 1607 carus
280 1579 340 1607 nuHi
356 1587 475 1615 umquam
486 1579 554 1612 fuit,
572 1588 603 1605 ne
614 1581 701 1613 patri,
719 1584 765 1605 aut
774 1576 855 1611 fhcero

43 1615 142 1654 quidem
151 1615 260 1643 Galerio.
279 1617 449 1651 Qamquam
457 1617 484 1643 in
493 1616 606 1650 vulgatis
617 1616 734 1643 Victoris
752 1614 854 1641 Editio·

43 1653 121 1680 nibus
131 1653 244 1688 legitur,
265 1654 488 1681 lsMaxa‘mianus,
503 1650 559 1682 &a
576 1650 717 1687 corruptej
737 1652 806 1678 Nam
820 1658 853 1676 ex

44 1689 170 1717 Histoniae
183 1688 304 1717 Misceuae
315 1688 357 1716 lib.
367 1698 407 1715 xi.
417 1688 461 1715 ubi
471 1688 511 1715 hic
521 1689 638 1716 Vietoris
656 1689 733 1716 locus
750 1687 854 1715 adduci-

46 1732 109 1752 tur,
128 1732 237 1758 apparet
250 1727 288 1751 ita
303 1724 471 1752 scribendum
484 1726 535 1752 esse
551 1733 582 1752 ut
599 1727 691 1759 priore
700 1726 761 1753 loco
769 1724 855 1759 posui.

48 1760 124 1790 Idem.
145 1761 240 1794 Itaque
257 1760 381 1787 mirabar,
400 1760 466 1795 quid
479 1760 559 1785 vellet
573 1760 707 1789 Balufius,
723 1769 810 1795 quum
825 1758 858 1784 ad

47 1804 125 1833 eaput
133 1805 211 1823 xxvi.
226 1795 353 1823 Laetantii
370 1795 404 1822 de
420 1795 554 1822 mortibus
568 1795 772 1831 persecutorum
789 1796 815 1821 in
831 1803 857 1820 e-

51 1832 221 1862 mendatione
227 1833 309 1866 hujus
316 1832 395 1869 ipsius
401 1831 452 1859 loci
460 1832 493 1859 fic
501 1834 562 1866 agit,
571 1832 641 1867 quafi
652 1833 705 1860 haec
713 1840 859 1868 numquam

49 1869 187 1899 abValefio
196 1869 278 1896 effent
287 1868 403 1905 prodita,
424 1868 471 1895 etfi
480 1869 572 1896 ibidem
583 1869 704 1896 ostendat
718 1877 785 1897 tunc
806 1877 859 1895 ma-

54 1910 126 1935 xime
135 1907 191 1934 haec
201 1905 280 1933 verba
289 1906 318 1933 ab
328 1915 360 1933 eo
368 1905 483 1941 inspffla
489 1905 647 1933 fuisse-Gran.

78 1944 106 1971 ·f
119 1946 206 1970 Partes
210 1943 277 1978 Juas
289 1941 441 1980 delemiffi’]
463 1943 494 1969 ln
510 1944 671 1980 Panegyrico
681 1959 688 1971 2
709 1944 756 1977 qui
773 1941 859 1969 dietus

52 1981 89 2009 est
101 1979 284 2007 Constantino
293 1980 412 2007 Maximo
421 1996 429 2008 2
448 1979 474 2006 id
483 1979 600 2007 refertur
609 1980 649 2006 his
658 1979 745 2007 verbis
756 1988 762 2005 z
773 1982 861 2006 Duxe-

53 2023 95 2046 rai
103 2026 222 2053 magnum
231 2018 338 2043 Severus
353 2018 503 2045 exercitum,
523 2013 557 2047 ὠ*
573 2015 662 2052 hostem
670 2015 744 2051 suum
755 2013 863 2052 perfidia

55 2052 160 2091 disertus
165 2059 325 2080 armaverat.
345 2052 538 2088 Maior-espostea
546 2055 626 2086 copias
634 2054 810 2080 Maximianus
817 2051 862 2078 ad-

56 2096 185 2120 moverat,
206 2089 241 2119 (J
249 2089 297 2125 ipse
304 2088 443 2126 transfigis·
448 2089 603 2126 circumcisus
610 2088 746 2117 videbatur
754 2088 863 2125 prospere

56 2126 173 2164 refiogtffi.
192 2126 259 2154 Vide
266 2127 407 2154 Aurelium
415 2126 560 2154 Vistorem'.
580 2125 662 2162 Valefi

95 2171 114 2198 g
130 2163 283 2190 flamminia
293 2163 362 2198 jufflt
376 2162 503 2200 auferri]
522 2164 639 2190 Gravius
660 2162 704 2190 hic
719 2161 756 2189 est
772 2162 862 2192 uleus,

59 2200 143 2236 quam
151 2208 183 2226 ut
189 2199 345 2233 conjectura
355 2200 436 2227 sanari
443 2199 534 2235 poffit.
555 2200 648 2227 Deefle
654 2202 726 2227 enim
734 2198 861 2227 videntur

60 2235 191 2264 nonnulla
199 2253 205 2265 ‚
217 2245 276 2273 quae
285 2237 316 2264 ad
326 2239 515 2264 Maximianum
525 2237 683 2265 Herculium
691 2236 862 2271 pertinebant.

58 2275 129 2302 Nam
139 2281 198 2310 qun
207 2271 362 2309 proximese
383 2282 502 2303 utimur.
523 2273 571 2300 me
585 2273 621 2301 ad
626 2273 861 2308 Constantinumre›

885 1356 1056 1384 metamus,
1076 1355 1242 1384 scribendum
1252 1355 1341 1382 censet
1351 1355 1467 1391 flammis
1476 1357 1567 1382 omnia.
1588 1357 1626 1382 At
1641 1365 1701 1383 cer-

884 1400 911 1419 te
919 1402 976 1419 n-on
984 1402 1017 1419 eo
1027 1392 1074 1427 usq
1080 1402 1112 1419 ue
1120 1393 1204 1419 tendit
1217 1393 1272 1420 haec
1281 1394 1412 1421 narratio,
1432 1400 1463 1418 ut
1474 1394 1561 1419 omnia
1574 1402 1702 1420 corrum-

883 1431 909 1465 pi
918 1429 986 1456 velle
995 1429 1123 1465 fignifieet
1134 1447 1141 1458 ‚
1163 1429 1206 1456 sed
1215 1432 1240 1456 in
1249 1429 1364 1464 praedam
1375 1428 1501 1456 militibus
1518 1429 1627 1456 concedi
1642 1437 1703 1456 tan-

875 1470 951 1494 tum.
971 1466 1282 1502 NequeistaconjeRui-:a
1290 1466 1366 1492 habet
1374 1466 1446 1493 aliam
1455 1466 1555 1493 ausam,
1579 1465 1625 1494 nifi
1644 1467 1700 1501 pri·

884 1512 937 1531 mas
953 1502 1043 1531 literas
1051 1520 1059 1532 ³
1076 1511 1162 1538 quum
1170 1503 1300 1530 sententia
1307 1511 1381 1529 certe
1388 1502 1420 1529 fit
1429 1503 1452 1528 ei
1459 1503 1607 1530 contraria:
1619 1503 1645 1530 &
1654 1503 1702 1529 vix

884 1539 979 1566 dubito
988 1560 995 1570 ,
1013 1541 1079 1575 quin
1087 1548 1116 1566 ea
1125 1539 1191 1576 saepe
1199 1541 1225 1566 in
1236 1544 1353 1565 mentem
1363 1537 1465 1566 Valefio
1474 1540 1593 1566 venerit,
1615 1538 1659 1565 sed
1670 1545 1702 1565 ut

884 1586 938 1603 non
948 1576 1080 1604 sufficiens
1089 1576 1118 1603 ab
1126 1585 1158 1603 eo
1169 1575 1301 1613 repudiata
1311 1575 1350 1603 fit.
1372 1576 1437 1603 Mihi
1454 1576 1562 1602 videtur
1578 1574 1644 1602 illud
1662 1575 1699 1608 fla

883 1620 978 1640 ortum
986 1613 1037 1640 esse
1045 1622 1079 1640 ex
1088 1615 1193 1640 ratione
1202 1612 1328 1640 scribendi
1338 1620 1401 1639 nota
1409 1611 1452 1638 oia
1459 1629 1467 1641 ‚
1492 1612 1534 1639 ubi
1545 1612 1650 1639 tandem
1665 1612 1698 1638 li-

883 1656 937 1676 tera
953 1658 1034 1676 ocum
1051 1650 1233 1685 superscripto
1243 1648 1314 1676 flexu
1330 1649 1429 1676 coaluit
1438 1661 1446 1679 ‚-
1456 1651 1482 1676 ὃ(
1491 1649 1630 1676 melotem
1638 1648 1702 1676 scri-

883 1686 948 1721 pfiff
944 1695 958 1712 e
965 1686 1063 1721 colligo
1073 1705 1080 1716 ‚
1089 1688 1172 1712 omnia
1180 1689 1207 1713 in
1215 1685 1337 1720 vtajuffit
1343 1685 1448 1719 auferri.
1458 1687 1548 1713 Gron.

919 1722 937 1748 h
955 1726 986 1750 In
997 1723 1088 1756 Illyrico
1097 1725 1223 1750 Licinium
1231 1721 1442 1758 Gaelaremfecit]
1455 1723 1618 1748 Maximiano
1628 1721 1701 1748 Her-¹

885 1758 956 1784 eulio
965 1759 1152 1784 X.&Gaierio
1170 1760 1230 1784 VII.
1249 1757 1347 1784 Conss.
1362 1759 1408 1792 qui
1423 1767 1510 1785 annus
1526 1766 1583 1785 erat
1600 1757 1702 1785 Natalis

888 1795 1021 1820 Dominici
1032 1796 1090 1824 308.
1111 1794 1230 1820 Licinius
1238 1792 1253 1820 a
1264 1793 1371 1820 Galerio
1382 1793 1471 1821 Caesar
1486 1794 1572 1822 faetus
1584 1794 1622 1821 est
1637 1796 1705 1822 Car-

887 1837 976 1856 nunto
987 1849 994 1861 ‚
1002 1838 1062 1865 quae
1071 1830 1135 1857 urbs
1145 1831 1287 1858 Pannoniae
1293 1830 1334 1857 est
1343 1830 1390 1857 sub
1400 1830 1509 1867 Illyrico
1516 1841 1576 1858 com
1583 1833 1699 1867 prehen-

888 1866 927 1895 sa,
948 1874 980 1894 ut
996 1867 1087 1894 scribit
1104 1867 1203 1893 Idatius
1218 1868 1244 1894 in
1261 1865 1354 1897 Fastis,
1375 1869 1402 1896 &
1418 1868 1530 1895 Αιιᾶοτ-
1548 1869 1679 1895 Chronici
1694 1886 1703 1898 ‚

888 1903 962 1939 quod
973 1903 1056 1938 vulgo
1068 1903 1279 1931 Alexandrinum
1300 1911 1407 1930 vocant.
1430 1905 1486 1932 Nec
1502 1905 1620 1933 assentiri
1636 1904 1702 1939 pos-

888 1941 946 1968 sum
957 1939 1107 1968 dofflffimo
1117 1942 1192 1970 viro,
1211 1943 1257 1976 qui
1272 1942 1405 1968 Licinium
1423 1940 1552 1969 aGalerio
1568 1941 1704 1969 Caesarem

888 1977 1148 2014 faetumponitanno
1166 1980 1248 2005 Dom.
1267 1986 1326 2010 307.
1351 1979 1458 2005 Etenim
1474 1986 1532 2006 tum
1551 1988 1583 2006 ex
1601 1979 1704 2006 horum

889 2016 1091 2049 Excerptoruru
1101 2015 1234 2044 Aueiore,
1256 2021 1314 2042 tum
1325 2023 1357 2041 ex
1366 2015 1435 2042 libro
1444 2023 1468 2042 2.
1479 2015 1581 2043 Zofirni
1588 2015 1701 2043 constat,

891 2052 1022 2079 Licinium
1031 2060 1098 2079 tunc
1107 2052 1239 2080 Caesarem
1255 2051 1308 2078 effe
1322 2060 1525 2087 nuncupatum,
1546 2051 1607 2080 cum
1623 2052 1702 2079 Gale-

891 2090 947 2115 rius
962 2097 995 2115 ex
1015 2088 1085 2116 Italia
1099 2091 1125 2116 in
1143 2088 1282 2124 IH'yricum
1297 2106 1305 2116 ‚
1325 2087 1356 2114 ab
1380 2088 1552 2124 expeditione
1575 2088 1702 2118 adversus

892 2126 1056 2153 Maxentium
1072 2126 1194 2153 rediisiet.
1213 2124 1356 2152 Profestus
1371 2133 1460 2153 autem
1477 2125 1514 2153 est
1529 2133 1625 2153 contra
1646 2127 1704 2152 Ma-

891 2164 1012 2189 xentium
1021 2163 1144 2191 Galerius
1151 2171 1223 2190 anno
1233 2163 1344 2189 Domini
1355 2170 1413 2193 307-
1422 2171 1478 2198 quo
1493 2165 1569 2190 etiam
1579 2170 1704 2198 tempore

890 2201 1006 2226 Severus
1021 2200 1136 2227 Caeiara
1147 2200 1284 2227 Maxentio
1298 2199 1457 2227 interfestus
1471 2199 1525 2228 est;
1545 2207 1577 2226 ut
1592 2201 1629 2226 ait
1646 2201 1704 2227 Au—

891 2236 953 2263 ἂοι·
963 2237 1176 2272 Excerptornm.
1196 2235 1315 2263 Proinde
1319 2244 1355 2265 ex
1366 2236 1439 2263 Italia
1447 2238 1474 2264 in
1490 2235 1627 2274 Illyricum
1639 2243 1703 2262 cum

892 2275 1012 2301 exercitu
1023 2277 1126 2301 reverti
1136 2283 1191 2302 non
1202 2275 1291 2310 potuit
1300 2271 1346 2299 nifi
1356 2282 1429 2307 anno
1438 2270 1707 2309 sequentecererflm

50 2309 140 2348 figit,
156 2308 358 2346 proculdubioa
384 2311 544 2340 &realium
559 2310 687 2348 speciant.
707 2309 786 2340 Idm.
808 2309 864 2340 Ali-
896 2310 1017 2339 Licinius
1030 2319 1066 2339 ex
1075 2309 1331 2346 CaesareAugustus
1339 2309 1430 2346 postea
1444 2311 1530 2340 fafiuo
1537 2310 1590 2339 est,
1600 2313 1711 2336 annout
