2007 2658
109 77 330 105 cous-rannus
343 69 559 99 manatione
783 66 902 115 LIB‚
921 68 1030 118 XV,
1052 73 1093 118 C
1102 73 1196 118 ΑΡ,
1216 74 1350 125 VIII,
1615 96 1675 144 99

106 113 132 139 δι
139 108 248 136 Lolliano
257 106 324 134 Coss.
335 110 406 131 Anno
412 105 470 130 Chr.
479 113 489 133 3
496 110 536 134 55.

8 152 9 201 J
32 160 160 203 batur,
190 149 201 177 ¹
217 167 288 196 nec
301 151 420 195 visum
433 146 629 191 hominem
643 169 656 192 ,
677 153 746 182 nec
758 142 938 183 auditum
949 142 1130 183 damnare
1144 171 1156 191 ‚
1188 147 1293 187 nefas
1305 152 1483 193 ultimum
1499 152 1595 209 saepe
1611 169 1679 195 ex·

8 220 9 224 ’
30 216 195 257 clamans
209 240 222 260 ,
249 208 380 266 aperte
387 205 528 248 scilicet
541 200 783 242 recalcitrans
799 199 1052 252 Imperatoris
1065 199 1237 242 arbitrio.
1268 204 1318 244 Id
1331 207 1432 247 enim
1446 210 1506 248 ille
1525 238 1533 253 ‚
1558 211 1678 251 Atha-

31 264 135 314 nasio
148 270 294 322 semper
303 262 456 305 infestus
469 287 482 307 ,
509 258 601 298 licet
623 256 734 297 sciret
755 255 992 311 impletum,
1020 265 1149 295 tamen
1171 257 1223 282 ⁶1¹¹
1242 261 1469 304 a11&oritate
1490 279 1650 321 quoque
1666 296 1687 314 ,J

5 352 9 359 i
29 340 110 384 qua
121 326 289 382 potiores
300 330 445 361 aeternae
458 315 579 356 Urbis
591 313 781 369 Episcopi
792 341 805 360 ,
835 311 980 354 firmari
990 311 1181 352 desiderio
1193 313 1383 355 nitebatur
1392 321 1540 360 ardenti
1555 335 1561 359 :
1597 338 1677 377 qno

8 388 10 419 ὲ
30 399 109 426 non
121 385 325 435 impetrato
344 403 358 424 ,
388 373 565 415 Liberius
577 371 678 427 aegre
689 369 830 425 populi
840 379 946 409 metu
960 396 973 417 ,
1005 369 1075 433 qui
1099 370 1179 423 ejus
1200 382 1331 411 amore
1351 372 1534 427 flagrabat
1547 405 1559 424 ,
1585 392 1676 418 cum

8 424 10 452 A
31 451 166 494 magna
176 432 402 476 difficultate
413 430 536 471 nostis
547 429 678 493 medio
698 427 830 482 potuit
840 425 1064 480 absportari.
1109 483 1114 489 .
1406 485 1413 491 .

83 496 122 536 C
133 506 160 534 A
177 506 209 532 Ρ.
240 489 358 532 VIII.
390 488 442 529 Et
454 487 536 528 haec
549 486 710 541 quidem
722 484 864 524 Romae
879 511 891 530 ,
911 493 955 523 ut
967 481 1135 523 ostendit
1147 493 1276 524 textus
1287 482 1479 539 superior,
1513 489 1678 539 ageban-

24 561 98 591 tur.
134 545 408 597 Constantium
419 544 512 586 vero
523 541 769 597 exagitabant
786 539 963 581 adsidui?
978 541 1126 588 nuntii,
1137 540 1355 595 deploratas
1367 543 1449 593 jam
1464 540 1608 583 Gallias
1621 547 1676 586 in-

22 607 191 648 dicantes
203 632 216 652 ‚
249 602 356 643 nullo
371 603 557 642 renitente
569 601 618 640 ad
630 598 931 639 internecionem
944 595 1119 637 Barbaris
1143 596 1374 638 vastantibus
1399 597 1592 638 universa:
1626 615 1673 640 ατ-

22 661 224 717 stuzinsque
235 660 305 701 diu
317 673 395 715 qua
405 660 445 699 vi
458 655 699 713 propulsaret
709 666 896 696 aerumnas
908 681 922 701 ,
951 652 1031 708 ipse
1043 654 1082 693 in
1102 653 1213 695 Italia
1225 653 1387 694 residens
1399 682 1408 697 ,
1423 665 1467 694 ut
1480 655 1674 708 cupiebat:

23 716 304 775 (periculosum
316 716 417 756 enim
429 711 667 755 existimabat
678 711 759 752 sein
772 720 922 765 partem
935 710 1168 750 contrudere
1180 711 1297 766 longe
1317 711 1510 751 dimotam
1523 710 1546 764 )
1568 726 1676 765 repe·

20 777 70 817 rit
84 776 241 817 tandem
254 773 452 814 confilium
474 770 643 811 rectum:
678 772 717 809 &
734 767 934 824 Julianum
958 766 1169 819 patruelem
1190 767 1346 808 fratrem
1359 794 1372 814 ‚
1401 766 1508 807 haud
1529 769 1583 807 ita
1602 770 1675 809 du-

19 831 114 874 dum
138 840 182 858 ¹²0
206 831 254 871 ab
283 828 459 872 Achaico
482 826 495 850 ³³
529 826 655 867 traetu
693 825 860 864 accitum
873 850 886 870 ,
920 823 1038 862 etiam
1076 833 1161 863 tum
1193 824 1393 879 palliatum
1406 851 1418 870 ,
1450 824 1488 863 in
1514 822 1674 864 societa-

22 897 101 928 tem
112 888 262 941 imperii
271 884 475 926 adsciscere
485 882 698 937 cogitabat.
729 880 778 921 Id
791 880 858 920 ubi
870 889 1029 934 urgente
1040 881 1229 920 malorum
1246 880 1555 935 impendentium
1568 882 1672 922 mole

19 942 209 985 confessus
222 941 276 983 est
293 941 482 997 proximis
498 967 510 988 ,
532 936 781 979 succumbere
796 946 858 976 tot
872 934 1152 976 necessitatibus
1164 939 1326 991 tamque
1335 936 1474 976 crebris
1486 951 1605 977 unum
1619 937 1672 986 se,

17 1000 131 1056 quod
145 1012 361 1053 numquam
383 996 551 1044 fecerat,
580 995 714 1051 aperte
739 991 1022 1035 demonstrans:
1050 993 1106 1033 illi
1129 994 1167 1033 in
1189 993 1492 1034 adsentationem
1512 995 1672 1034 nimiam

6 1056 184 1098 ‘'eruditiP
197 1055 434 1096 infatuabant
445 1053 642 1094 hominem
656 1081 666 1097 ‚
697 1050 793 1092 nihil
803 1049 877 1090 effe
897 1051 951 1089 ita
973 1048 1149 1104 asperum
1161 1050 1380 1090 dictitantes
1393 1077 1405 1097 ,
1439 1050 1551 1103 quod
1574 1064 1672 1104 prae-

6 1080 157 1167 ipotens
174 1113 255 1164 ejus
269 1111 393 1152 virtus
407 1138 421 1159 ‚
449 1109 689 1164 fortunaque
700 1118 780 1148 tam
789 1107 918 1148 vicina
932 1106 1115 1147 fideribus
1126 1137 1143 1154 ,
1174 1120 1251 1146 non
1272 1105 1464 1160 superaret
1485 1118 1533 1146 ex
1550 1119 1670 1146 more.

15 1167 306 1223 Addebantque
324 1193 337 1215 ,
363 1180 555 1207 noxarum
566 1164 798 1206 conscientia
820 1162 1036 1203 stimulante
1058 1162 1303 1217 complures,
1317 1197 1322 1199 .
1336 1162 1518 1215 deinceps
1543 1164 1671 1203 caveri

14 1223 154 1267 debere
164 1222 325 1267 Caesaris
336 1237 498 1271 nomen,
518 1222 743 1276 replicantes
754 1219 858 1276 gesta
878 1218 947 1261 sub
959 1218 1090 1260 Gallo.
1121 1220 1243 1274 Qeis
1264 1218 1525 1259 adnitentibus
1550 1218 1671 1258 obsti-

14 1280 127 1329 nate,
145 1279 373 1337 opponebat
384 1280 422 1321 se
441 1279 705 1335 solaRegina,
737 1279 928 1319 incertum
950 1277 1223 1331 migrationem
1246 1275 1297 1316 ad
1318 1275 1532 1329 longinqua
1550 1276 1669 1328 perti-

50 1385 69 1411 6
85 1384 289 1412 al.au6toritate
297 1384 510 1421 quapotiun‘cur.
541 1390 555 1415 7
577 1379 832 1418 fflnunciimfideest.
857 1377 940 1420 ditio,
962 1375 980 1392 ³*
999 1377 1026 1403 &
1044 1375 1139 1403 Tolos.
1154 1375 1253 1405 codex,
1275 1374 1353 1420 *Iac
1368 1375 1506 1419 Comere]
1529 1376 1577 1419 nisi
1592 1376 1668 1419 quod

15 1423 30 1449 Β
49 1420 257 1457 MflcontraAEtu.
853 1420 959 1449 potiores
969 1412 1187 1448 scripturnhaber.
1209 1414 1339 1439 Ceterum
1347 1413 1386 1440 hic
1396 1412 1473 1439 locus
1489 1413 1612 1439 notabilis
1629 1414 1667 1440 est

11 1466 26 1484 1,
858 1450 1056 1477 deauCtoritate
1066 1448 1203 1476 Pontificis
1213 1451 1293 1476 Rom.
1312 1449 1355 1476 vel
1373 1448 1487 1477 maxime
1503 1449 1668 1477 obtestimo-

14 1484 144 1522 cumque
169 1495 232 1514 eum
252 1486 442 1514 Alexandriam
469 1486 611 1523 aliquando
633 1484 827 1521 ingredientem
854 1488 929 1513 nium
940 1486 1055 1513 hominis
1064 1486 1168 1512 ethnici.
1189 1485 1270 1518 Vtiles:

14 1523 101 1549 Graeci
109 1539 117 1552 ‚
137 1525 253 1558 quitum
261 1522 336 1550 forte
344 1523 467 1552 aderant,
488 1524 520 1549 de
529 1522 640 1558 quadam
649 1524 758 1549 cornice
765 1531 825 1557 quae
888 1531 906 1548 n
926 1521 970 1547 Ab
980 1521 1086 1548 Achaia
1095 1523 1246 1548 contraffttm
1256 1522 1357 1557 accitu]
1376 1521 1425 1548 Ms.
1436 1522 1561 1549 contram
1577 1525 1666 1551 accitu.

14 1557 211 1595 supramodum
220 1560 377 1587 crocitabat‚
398 1559 599 1594 pei-ludibrium
617 1559 826 1594 interrogassent
849 1560 880 1584 ἵσ.
900 1556 933 1583 ab
947 1558 1060 1584 Achaico
1076 1558 1158 1585 trab't'u
1173 1559 1295 1585 accitum:
1315 1557 1396 1594 idque
1413 1567 1510 1586 verum
1529 1567 1666 1594 putamus.

27 1594 106 1632 cquid
114 1595 283 1632 praedioeret,
298 1594 457 1625 crastinum,
473 1597 579 1632 inquit,
597 1594 665 1622 diem
683 1595 763 1622 vobis
772 1604 826 1622 ma·
851 1592 987 1621 Lindenbr.

10 1603 37 1660 ff&
46 1632 195 1660 ceffurum:
217 1632 292 1668 quod
299 1632 409 1669 perinde
417 1633 517 1660 accidit.
539 1633 608 1660 Nam
618 1632 733 1660 crastino
742 1632 823 1660 allatae
886 1640 904 1657 o
923 1629 1062 1667 Julianum
1070 1628 1103 1656 ab
1112 1629 1217 1657 Achai'a
1233 1630 1385 1658 cont-rafiam
1401 1633 1505 1668 accim]
1529 1632 1560 1658 In
1576 1633 1663 1668 Regio

11 1668 76 1696 sunt
84 1670 319 1705 Principislitterae
329 1686 337 1698 ‚
358 1670 456 1705 quibus
467 1669 588 1697 Gentiles
598 1672 645 1705 qui
658 1669 734 1696 illum
756 1669 825 1696 diem
849 1667 939 1696 codice
950 1666 992 1701 [δε
1002 1669 1029 1694 in
1039 1667 1218 1704 Colbertino]
1232 1670 1333 1703 reperi,
1341 1669 1467 1695 conti-aila
1475 1670 1589 1696 accitum:
1599 1678 1665 1704 qua.

11 1704 180 1734 festiffimum
190 1714 266 1734 erant
275 1706 403 1737 habituri,
422 1707 520 1744 templa
536 1707 651 1734 deorum
664 1706 736 1734 adire
749 1714 825 1734 veta·
850 1714 879 1732 re
886 1704 1023 1740 amplexus
1042 1703 1100 1731 sum
1116 1704 1328 1731 emendationem
1346 1705 1555 1740 Lindenbrogii,
1570 1708 1616 1741 qui
1633 1710 1663 1733 m

40 1749 116 1770 ntur.
133 1741 222 1778 Valefi.
443 1762 445 1764 >
850 1743 932 1769 Notis
943 1749 1086 1769 monuerat
1103 1741 1245 1776 legendum
1260 1741 1306 1768 fibi
1320 1741 1419 1771 videri,
1439 1741 1471 1768 ab
1482 1742 1594 1768 Achaico
1607 1750 1663 1770 tra-

48 1778 59 1806 l
77 1781 131 1806 Nec
143 1782 228 1811 visum
241 1779 365 1807 hominem
374 1797 382 1810 ,
395 1790 439 1808 nec
461 1779 575 1809 auditum
590 1779 713 1808 damnare
728 1778 823 1817 nefas]
848 1780 1008 1806 Hunc-citum.
1030 1777 1154 1814 Julianus
1163 1778 1216 1814 ipse
1230 1780 1256 1805 in
1266 1780 1342 1806 Orat.
1363 1787 1384 1811 3.
1402 1778 1433 1805 ad
1445 1781 1483 1806 Eu
1489 1778 1581 1805 sebiam
1593 1781 1663 1816 Aug.

25 1814 140 1852 pfiffima
155 1817 252 1844 Liberii
267 1817 389 1854 Episcopi
403 1818 483 1844 verba
499 1817 531 1845 ad
546 1817 738 1845 Constantium
757 1818 824 1852 Imp.
848 1817 892 1843 Xmi
906 1817 924 1843 τ’
937 1817 1048 1846 Ελλάῶῶ-
1061 1823 1201 1842 evocatum
1218 1814 1244 1841 se
1258 1814 1309 1841 effe
1322 1815 1447 1845 testatur,
1465 1815 1492 1842 id
1509 1815 1562 1845 est,
1583 1825 1615 1842 ex
1626 1819 1663 1844 A·

24 1852 103 1888 djecit
118 1853 285 1881 Theodoret.
305 1854 408 1881 Hister.
426 1855 469 1882 lib.
485 1862 510 1881 2.
527 1863 581 1890 cap.
599 1855 638 1882 16.
658 1854 822 1889 έδὲγῖοἷοντε
848 1853 927 1880 chara.
947 1852 1073 1879 Zosimus
1090 1853 1168 1879 inlib.
1183 1861 1204 1885 3.
1226 1852 1390 1880 &Libanius
1408 1854 1434 1878 in
1445 1853 1575 1879 Oratione
1584 1854 1663 1880 Con-

46 1892 202 1925 τωψηφίσειθιη
209 1893 286 1927 οἱνῶρὲς
294 1892 347 1918 avia
356 1893 480 1926 ὲιιθίναιμςυ.
500 1891 566 1927 Q&
577 1893 654 1918 etiam
669 1893 806 1926 pertinent
815 1910 822 1922 ,
848 1890 925 1918 sulari
934 1898 965 1916 ex
975 1889 1027 1924 ipsa
1034 1890 1101 1916 urbe
1109 1890 1220 1916 Athenis
1230 1890 1344 1916 accitum
1353 1891 1404 1917 effe
1414 1897 1574 1916 memorant:
1585 1890 1662 1924 quod

31 1936 72 1954 uae
87 1927 195 1955 Lucifer
216 1928 383 1954 calaritanus
401 1937 451 1964 pro
463 1928 604 1955 Athanasio
622 1927 732 1963 scripfit.
753 1929 822 1955 Scie-
845 1926 991 1954 confirmat
1016 1927 1153 1961 Eunapius
1171 1929 1197 1953 in
1219 1927 1352 1955 Maximo,
1373 1926 1538 1962 &Julianus
1563 1926 1660 1961 ipsein

61 1963 183 1991 tillinon
194 1964 282 1992 divina
292 1962 460 2001 soliimlege‚
480 1964 523 1991 sed
533 1967 611 1992 etiam
620 1973 681 1991 xm.
702 1964 764 1992 Tab.
774 1974 820 1992 ve·
847 1963 929 1999 Epist.
956 1963 990 1990 ad
1007 1963 1130 1990 ordinem
1149 1965 1175 1991 ὃς
1194 1963 1325 1998 populum
1348 1962 1554 1990 Atheniensem
1573 1963 1618 1990 ubi
1633 1963 1661 1990 se

25 2002 92 2028 itum
100 2018 107 2030 ‚
121 2000 220 2029 indust-:2
228 2003 306 2028 causa
315 2010 476 2038 quemquam
485 2002 613 2030 occidere.
629 2001 744 2029 Salvian.
753 2001 821 2029 Mas·
848 2001 959 2028 Athenis
969 2000 1145 2027 discedentem
1156 2000 1270 2027 ubertim
1281 1999 1454 2034 fleffe‚acprae
1464 1998 1570 2026 discessu
1581 2010 1657 2027 mor-

46 2036 104 2065 'enfi
123 2037 166 2065 lib.
186 2047 264 2066 vm.
293 2038 368 2066 Basil.
393 2041 479 2074 Magn.
499 2039 582 2075 Epist.
603 2047 668 2066 Lxx.
687 2047 743 2074 pag.
762 2041 820 2071 318.
848 2037 1034 2074 temoptavilse
1043 2038 1114 2064 dicit.
1140 2037 1221 2064 Addit
1232 2037 1393 2064 Libaniusin
1403 2036 1659 2067 Orationefunebri,

63 2076 183 2111 ’ργθιμςζό
191 2077 248 2104 wel:
256 2075 596 2112 dvevixiyxmvuymaeindfs'laq,
616 2076 734 2104 Lanam.
744 2076 783 2103 lib.
795 2085 821 2103 v.
848 2083 903 2110 pag.
912 2076 971 2102 268.
993 2074 1145 2110 sanguinem
1154 2077 1175 2100 ei
1184 2083 1296 2110 quoque
1305 2082 1337 2101 ex
1347 2073 1453 2101 naribus
1463 2072 1656 2110 effluxifleprae

43 2119 67 2149 p.
83 2120 103 2139 ¹.
121 2112 272 2147 Sacrilegbs,
293 2109 329 2143 ἐν
337 2112 519 2148 proditoribus,
539 2110 574 2144 &⁶
586 2112 705 2150 veneficis
715 2112 822 2148 potestas
848 2119 922 2139 metu
929 2121 957 2140 ac
966 2120 1071 2148 pavore.
1093 2110 1173 2143 Wzlefi

17 2146 156 2185 dffendendi
155 2149 198 2186 fici
206 2148 296 2177 datur,
315 2149 689 2188 necpraea'amnariquemquam
696 2148 820 2186 incognitd
884 2158 900 2185 p
918 2147 1087 2185 Infamabant
1100 2149 1247 2184 hominem]
1269 2147 1361 2174 Verbo
1378 2145 1443 2174 usus
1458 2145 1495 2173 est
1509 2146 1656 2175 admodum

17 2182 158 2214 cmdlicet.
175 2185 323 2215 Lindenbr.
849 2187 971 2221 proprio.
991 2187 1170 2212 Reveraenim
1181 2185 1243 2211 nihi]
1253 2192 1303 2210 tam
1312 2184 1424 2211 infatuat
1433 2184 1564 2220 Principes
1573 2183 1657 2219 quam

26 2243 31 2248 ·
39 2229 80 2255 1m
95 2223 250 2252 Austoritate
256 2231 350 2260 quoque
356 2232 407 2260 qua
415 2224 518 2258 potiores
525 2225 596 2250 Rom.
606 2222 676 2252 urbis
684 2222 815 2261 Episcopi]
849 2222 973 2255 adulatio.
991 2223 1059 2249 Nam
1069 2220 1128 2248 ciim
1144 2223 1274 2256 praecipua
1283 2229 1344 2255 pars
1362 2220 1487 2256 sapientiae
1497 2220 1529 2247 fit
1542 2220 1657 2257 seipsum

21 2255 111 2295 M-Rlffis
118 2268 178 2288 meo
185 2260 291 2297 quidem
297 2259 398 2294 judicio
409 2261 509 2294 Regius
517 2259 603 2287 codex
619 2260 653 2287 fic
668 2260 759 2289 habet,
773 2269 820 2287 au-
849 2259 939 2287 nosse,
954 2258 1077 2285 adulator
1089 2257 1201 2284 maxime
1218 2258 1243 2284 id
1252 2260 1304 2293 agit
1313 2258 1451 2285 mendaciis
1462 2259 1489 2284 &
1505 2257 1656 2285 assentatio-

21 2293 123 2325 elerum
133 2306 226 2335 quoque
235 2299 343 2334 potiore,
362 2293 417 2328 &a
437 2298 528 2334 Atque
541 2298 578 2325 ita
590 2294 647 2325 fere
657 2297 777 2325 Romana
784 2297 819 2324 E·
849 2297 927 2323 nibus
936 2294 1006 2324 suis,
1027 2304 1061 2321 ne
1069 2303 1120 2321 nos
1130 2294 1176 2329 ipsi
1184 2295 1258 2322 nosse
1267 2295 1406 2331 posfimus.
1427 2294 1443 2312 ²*
1457 2293 1542 2324 Recte
1552 2297 1658 2325 Parme-

1052 2331 1152 2373 Nz
