2007 2658
297 119 826 206 LECTORI
886 120 1511 206 STUDIOSO

570 273 1237 354 EDITOR

749 424 1049 494 sni).

320 585 328 596 “
377 595 451 618 uum
470 594 508 617 ex
526 581 701 618 Ammiano
713 580 899 617 Marcellino
920 592 1033 629 magna
1045 581 1076 615 &
1088 578 1191 616 crebra
1212 579 1516 619 oblectamentomm
1539 585 1621 620 causa
1645 587 1722 621 cite⁴

333 654 351 676 ζ
378 632 449 667 riori
462 632 531 666 vitae
543 643 621 665 meae
640 630 783 665 acciderit
797 658 806 670 ,
834 629 931 664 libens
951 628 1029 668 feci,
1054 639 1087 664 ut
1104 628 1171 664 haec
1196 628 1299 664 nostra
1315 630 1498 667 familiaritas
1514 629 1723 670 innotesceret

289 692 298 695 Α
343 686 352 723 ξ
380 681 499 728 publice
516 704 527 719 ‚
552 683 582 715 δε
597 680 677 715 velut
687 680 721 714 ad
736 679 835 713 vicem
846 678 1033 713 reddendam
1046 687 1144 725 partes
1156 678 1272 726 aliquot
1292 679 1434 715 horarum
1454 694 1535 716 nunc
1558 694 1695 718 mearum
1708 710 1717 724 ,

343 724 355 748 '¹³
379 743 451 778 quas
461 730 511 763 ille
523 728 665 775 plurimas
677 727 803 762 antehac
814 724 961 761 refecerat
971 755 979 768 ‚
1007 727 1050 761 illi
1062 727 1264 762 concederem
1276 750 1287 768 ‚
1314 741 1353 763 eo
1365 728 1511 768 confilio,
1538 743 1601 778 quo
1619 732 1722 766 niten-

347 796 353 800 <
377 780 496 812 tiora&
508 775 687 825 speciosiora
697 775 848 810 exstarent
859 774 972 810 residua
987 774 1178 810 historiarum
1198 777 1263 821 ejus
1281 777 1450 814 volumina.
1478 780 1553 813 Hoc
1573 779 1615 813 illi
1637 780 1721 814 vide-

298 853 302 855 >
337 854 342 856 -
375 827 429 862 bar
439 826 550 860 debere
559 853 568 866 ,
591 825 659 860 vir-o
669 850 678 864 ‚
706 825 737 859 in
758 837 820 871 quo
839 823 1003 859 cernebam
1025 822 1215 871 propositum
1228 825 1396 861 contr-assisa
1405 825 1510 861 saecula
1520 825 1722 876 magnifieum

77 877 116 914 ἃ
126 877 289 912 excellens.
308 875 379 911 Etsi
393 876 477 910 enim
495 887 560 922 quae
574 874 621 909 alii
630 873 668 908 de
678 886 718 908 eo
728 871 925 920 scripserunt,
952 885 1010 908 ncc
1021 885 1090 907 mea
1106 870 1216 907 faciam
1226 895 1237 911 ‚
1260 886 1318 909 nec
1328 874 1486 910 advertere
1495 875 1586 910 velim
1598 898 1609 916 ,
1634 879 1668 911 &
1687 876 1721 912 in

77 924 134 961 ista
151 925 295 961 ominum
310 922 584 973 praesagiorumque
601 921 861 958 fallaciffimorum
882 919 1096 957 observatione
1115 922 1221 956 omnia
1232 923 1286 958 alia
1298 924 1442 966 mallem3
1467 923 1586 959 videam
1597 937 1723 973 quoque

76 973 109 1010 in
119 975 174 1010 illo
183 973 243 1010 effe
253 974 348 1022 aliqua
363 971 467 1007 nescio
479 971 533 1020 qui
544 970 624 1006 felici
635 971 746 1006 nostrae
758 971 896 1017 politura:
907 970 1068 1005 nonnimis
1078 981 1296 1020 congruattum
1307 971 1420 1007 adverti
1430 971 1519 1007 refert
1529 985 1602 1008 eum
1619 972 1724 1009 vixifl'e

75 1022 137 1059 isto
158 1033 323 1071 tempore,
351 1035 413 1070 quo
433 1021 542 1055 Latina
561 1018 656 1055 studia
673 1020 724 1056 vix
745 1018 828 1055 fuisse
837 1019 895 1054 dici
907 1029 1034 1066 oportet
1050 1040 1061 1059 ‚
1083 1029 1133 1054 aut
1143 1020 1249 1054 omnia
1268 1020 1460 1056 arfiabantur
1471 1020 1614 1070 angustiis
1622 1022 1724 1069 epito-

75 1084 199 1107 marum
210 1093 220 1110 ‚
233 1071 296 1107 hoc
307 1069 352 1105 est
361 1092 372 1110 ‚
386 1069 545 1119 degeneris
551 1068 668 1109 inertice
678 1067 817 1113 socordia
829 1090 847 1108 ‚-
866 1071 898 1103 &
912 1068 996 1103 illam
1004 1068 1111 1103 urbem
1121 1091 1132 1107 ,
1159 1081 1250 1116 quam
1265 1071 1418 1104 AEternam
1438 1069 1557 1109 laudat,
1584 1073 1723 1105 Venera-

75 1120 172 1157 bilem
189 1122 224 1155 &
248 1120 392 1155 virtutum
411 1118 553 1153 omnium
566 1117 759 1152 domicilium
770 1140 787 1156 r
807 1116 986 1152 obsidebant
998 1115 1176 1152 :erumnose
1189 1120 1222 1151 &
1234 1117 1429 1153 exsecrabiles
1440 1117 1563 1165 ineptiae
1575 1119 1664 1152 omni
1677 1118 1724 1154 vi-

75 1180 155 1219 gore
164 1168 258 1204 animi
269 1167 471 1217 pessumdato,
483 1167 518 1202 δε
529 1165 606 1201 nihil
616 1165 682 1200 istic
692 1166 729 1200 ad
742 1167 878 1214 priorem
887 1163 1263 1215 magnificentiam.Qod
1276 1165 1297 1200 si
1309 1180 1387 1213 quos
1399 1179 1488 1201 mens
1498 1167 1608 1202 melior
1618 1176 1724 1203 tamen

73 1216 220 1253 eveheret
230 1239 240 1256 ,
253 1215 396 1266 quidquid
407 1215 437 1250 id
447 1224 514 1250 erat-
523 1238 532 1254 ‚
544 1214 579 1250 ad
590 1214 750 1250 blanditias
763 1215 878 1250 auribus
891 1214 1063 1261 principum
1085 1214 1262 1262 praebendas
1272 1215 1371 1250 modo
1382 1213 1546 1250 adhibuisse
1556 1216 1724 1252 cernimus,

75 1266 151 1301 Tali
159 1265 263 1301 noster
273 1275 418 1313 tempore
430 1264 500 1313 quid
513 1263 612 1312 magis
625 1264 716 1299 mirer
725 1291 735 1304 ,
761 1273 862 1298 utrum
873 1262 1036 1298 sustinuisse
1047 1274 1153 1298 mente
1164 1264 1329 1310 concipere
1340 1275 1403 1298 tam
1415 1263 1527 1298 nobilis
1540 1276 1575 1298 ac
1588 1264 1722 1300 diuturni

12 1332 19 1335 ’
75 1314 189 1350 laboris
198 1322 466 1362 opportunitatem
481 1335 493 1352 ‚
516 1325 554 1348 an
561 1312 654 1347 etiam
667 1311 763 1347 subire
774 1313 910 1347 alacriter
920 1314 951 1346 &
963 1310 1108 1360 exsequi?
1133 1324 1235 1359 neque
1253 1312 1281 1346 id
1292 1312 1332 1346 ita
1344 1334 1354 1350 ‚
1379 1322 1413 1347 ut
1420 1312 1512 1346 videri
1525 1322 1614 1359 queat
1623 1322 1725 1347 terne-

74 1375 108 1400 re
117 1361 252 1398 effudiffe
265 1372 313 1398 aut
323 1360 496 1398 inconsulte
506 1358 668 1409 prosiluisse
678 1360 714 1397 ad
728 1360 790 1396 hoc
800 1374 911 1396 munus
922 1386 933 1402 ,
960 1359 1009 1395 sed
1031 1369 1136 1394 mente
1147 1362 1304 1394 Herculeo
1327 1358 1495 1394 studiorum
1515 1360 1629 1395 robore
1646 1360 1726 1395 bene

78 1414 113 1448 δι
123 1411 173 1447 diu
186 1409 306 1446 firmata
318 1433 328 1450 ‚
354 1414 387 1446 &
398 1409 433 1445 ad
445 1409 524 1444 hanc
533 1409 704 1444 efficaciam
723 1407 948 1455 circumspeR0
967 1407 1047 1454 justo
1057 1411 1087 1442 ὃ(
1101 1430 1111 1446 ,
1138 1417 1170 1441 ut
1180 1405 1242 1453 ipse
1252 1407 1336 1454 loqui
1352 1407 1448 1445 solet,
1474 1407 1658 1455 impetrabili
1671 1421 1725 1455 ap·

75 1469 197 1509 paratu.
221 1459 280 1496 Ille
298 1458 360 1493 fine
378 1457 474 1492 dubio
489 1458 623 1492 multum
643 1456 775 1492 diversus
796 1456 834 1491 ab
853 1457 1042 1504 reliquorum
1064 1454 1358 1489 simulrnilitantium
1370 1454 1467 1490 otiosa
1477 1455 1646 1501 imperitia,
1672 1455 1726 1492 sub

76 1507 207 1556 pellibus
216 1517 357 1554 tempora
367 1504 582 1553 distinguendo
593 1506 855 1550 incertas-operas
864 1505 922 1544 r&
931 1503 981 1538 ubi
991 1515 1039 1537 res
1050 1500 1197 1550 poscebat
1207 1525 1218 1541 ‚
1244 1505 1378 1539 Martem
1388 1518 1398 1546 3
1424 1503 1474 1537 ubi
1485 1504 1706 1551 quiesssdabatur
1716 1526 1727 1545 ,

73 1555 229 1593 Palladem
242 1553 415 1591 aemulando
424 1576 435 1593 ,
461 1556 496 1588 &
506 1551 669 1588 occasione
680 1551 884 1599 praesidiorum
897 1551 1108 1600 variarumque
1126 1551 1357 1599 expeditionum
1369 1581 1378 1592 ‚
1407 1552 1551 1600 regiones
1562 1575 1571 1590 ‚
1595 1562 1702 1601 gentes
1712 1581 1723 1594 ‚

77 1616 204 1644 mores,
231 1602 388 1638 historiam
409 1599 537 1651 priscam
560 1605 593 1637 δε
617 1600 658 1636 sui
678 1600 765 1636 simul
785 1601 937 1648 temporis
949 1599 1147 1649 perdiscendo
1164 1623 1174 1639 ‚
1199 1603 1377 1647 exemplum
1392 1601 1500 1635 veteris
1510 1601 1650 1636 Romani
1662 1601 1725 1636 sive

74 1652 189 1690 militis
201 1651 264 1688 five
281 1651 368 1688 ducis
388 1663 428 1686 ne
447 1649 578 1685 instante
596 1648 719 1698 quidem
741 1649 846 1697 praelio
870 1649 963 1685 studia
986 1649 1100 1685 Graeca
1112 1648 1237 1697 perinde
1249 1661 1283 1684 ac
1295 1650 1404 1684 Latina
1415 1649 1588 1684 omittentis
1598 1649 1725 1684 retulisse

74 1701 130 1738 fibi
143 1701 277 1750 placuit,
304 1709 336 1735 ut
347 1699 421 1734 hinc
430 1698 514 1734 secus
526 1709 578 1734 aut
586 1699 670 1734 recte
679 1696 759 1734 faeta
773 1700 822 1733 vel
837 1698 1013 1746 Principum
1035 1696 1168 1746 ipsorum
1182 1698 1230 1732 vel
1246 1699 1447 1745 Optimatum
1459 1698 1572 1732 valeret
1583 1698 1723 1734 consulta

73 1750 194 1787 ratione
203 1749 380 1785 aestimare2.
399 1746 575 1796 incolasque
595 1747 734 1783 Romani
757 1747 877 1795 imperii
899 1749 948 1782 vel
958 1747 1069 1782 ultimo
1081 1746 1143 1781 hoc
1154 1745 1320 1793 specimine
1330 1746 1438 1782 vereris
1448 1746 1563 1794 ingenii
1575 1746 1726 1791 admone·

76 1797 389 1848 retgloriae&moris
399 1797 550 1842 majorum
561 1819 580 1836 ‚-
599 1806 631 1831 ut
651 1796 682 1831 in
703 1793 858 1844 profundo
879 1795 946 1831 otio
969 1796 1079 1831 scirent
1098 1796 1226 1830 aliorum
1248 1794 1358 1843 scripta
1376 1795 1669 1843 aequeacJuvcnalis
1691 1798 1725 1830 &

74 1846 168 1885 Marii
181 1846 312 1882 Maximi
322 1844 541 1882 contrectanda
555 1843 633 1887 effe3
661 1844 750 1879 simul
760 1843 954 1884 hortaretur,
978 1848 1010 1879 &
1031 1845 1062 1879 in
1076 1844 1295 1879 calamitatibus
1315 1855 1378 1877 ram
1391 1843 1583 1890 praesentibus
1596 1871 1605 1882 ,
1633 1856 1725 1889 quam

73 1893 266 1946 gravioribus
276 1894 345 1943 post
359 1890 492 1930 venturis
502 1892 607 1929 solatia
619 1892 747 1929 adferret
758 1893 946 1929 {simulandis
957 1893 1065 1928 anisnis
1075 1915 1086 1933 ,
1111 1905 1152 1927 ne
1166 1893 1379 1938 antiquitatum
1392 1892 1486 1939 ignari
1497 1890 1584 1926 facile
1592 1890 1727 1938 despon-

77 1944 195 1982 derent,
207 1953 300 1992 utque
310 1942 346 1978 ad
356 1941 485 1990 priscam
495 1942 616 1977 tuendae
630 1942 732 1988 patriae
742 1940 953 1978 fortitudinem
964 1951 1191 1979 revocarentur.
1218 1943 1294 1976 Hoc
1304 1953 1351 1975 res
1361 1940 1423 1988 ipsa
1433 1938 1544 1974 fatetur
1553 1962 1562 1978 ‚
1574 1944 1605 1974 &
1619 1940 1722 1986 palam

77 2001 146 2029 tota
164 1993 228 2038 ejus
242 1990 583 2038 ratio,clamat.‚Adeo
600 1990 676 2031 nihil
692 1990 848 2039 indignius
864 1990 994 2040 potuisse
1014 1990 1200 2039 pronuntiari
1220 1988 1363 2024 existimo
1375 2012 1385 2029 ‚
1410 1988 1597 2036 quamquod
1610 2000 1724 2036 nupera

77 2040 211 2080 Parisina
224 2039 360 2090 praefatio
369 2039 463 2076 edidit
474 2067 484 2081 ‚
496 2039 701 2075 ‘Ammianum
713 2038 844 2088 denique
853 2046 969 2088 ‚quum
983 2039 1051 2088 post
1061 2038 1283 2074 sacramentum
1305 2037 1384 2072 hanc
1395 2049 1460 2072 rem
1472 2036 1600 2084 arripere
1610 2036 1728 2085 cogita·-

81 2099 129 2127 ret
140 2113 153 2130 ‚
176 2099 242 2126 tum
260 2088 389 2125 demum
408 2098 441 2124 ut
461 2087 549 2124 miles
570 2088 728 2138 quondam
747 2101 782 2123 ac
794 2088 923 2124 Graecus
935 2089 1057 2123 Latinae
1075 2089 1184 2137 linguae
1197 2099 1231 2122 ac
1255 2085 1389 2122 historiae
1400 2086 1555 2120 Romanae
1564 2084 1662 2133 magis
1673 2084 1728 2118 ad-

81 2137 248 2180 suesceret,
278 2138 439 2174 Catonern
448 2138 601 2183 majorem
621 2138 670 2174 vel
682 2135 891 2177 Censorium,
921 2136 1052 2173 Caesaris
1073 2136 1336 2174 commentarios,
1363 2131 1556 2173 Sallustium,
1581 2133 1629 2169 M.
1644 2132 1726 2167 Tul-

83 2187 159 2224 lium
171 2187 362 2223 Ciceronem
381 2184 732 2236 diligentiffimelegisse.
758 2189 812 2221 An
823 2187 891 2235 quia
909 2196 997 2222 natus
1006 2186 1193 2224 &educatus
1212 2183 1389 2220 Antiochiae
1410 2180 1484 2220 fuit,
1511 2181 1601 2216 ubi&
1615 2180 1727 2217 Gallus

82 2236 189 2273 Caeshr
196 2235 309 2272 dicitur.
317 2236 496 2284 vesperiper
503 2235 641 2271 tabernas
654 2237 767 2284 palatus
777 2237 812 2271 &
823 2235 969 2283 compita>
979 2233 1144 2285 quaeritasse
1154 2234 1272 2269 Graeco
1281 2231 1433 2270 sermone,
1446 2233 1477 2265 &
1489 2229 1561 2264 hinc
1574 2229 1727 2265 Graecum

80 2282 115 2321 ἱε-
124 2295 234 2325 vocat,
258 2284 290 2319 in
299 2297 334 2320 ea
344 2284 418 2320 urbe
429 2294 504 2320 tunc
513 2297 577 2319 non
588 2294 650 2321 erat
669 2283 734 2320 usus
744 2284 864 2320 Latinae
885 2285 996 2334 linguae
1006 2286 1027 2319 ὃ
1050 2294 1101 2319 aut
1122 2295 1159 2317 an
1167 2283 1285 2318 Romae
1305 2291 1378 2316 tunc
1387 2280 1427 2314 ita
1440 2279 1543 2327 utique
1553 2278 1726 2327 loqueban-

83 2340 160 2385 ἐμὴ,
173 2344 211 2382 αἱ,
224 2345 310 2385 nunc
319 2331 423 2390 scribit
435 2333 643 2389 Ammianus,
667 2346 714 2373 ex·
725 2334 786 2383 illis
806 2333 940 2389 barbaris
950 2362 960 2383 ,
990 2346 1057 2385 quae
1077 2333 1151 2366 illuc
1169 2326 1389 2381 influxiffeipse
1402 2328 1434 2367 in
1445 2327 1491 2366 his
1504 2327 1588 2380 libris
1597 2335 1727 2376 annotat

1061 2380 1172 2428 vll->33
