2007 2658
110 77 565 114 eousuuriusAuG·v³¹³³¹¹⁰&·
808 74 930 122 LlB.
946 75 1104 125 XVII.
1130 80 1275 128 CAP.
1295 83 1357 128 X.
1378 88 1387 92 '
1610 101 1625 131 1
1640 85 1705 143 87

141 115 240 143 cereale
248 112 316 139 Cois.
324 116 396 138 Anno
405 112 459 136 Chr.
472 115 529 143 358.

42 172 125 205 cem
146 161 298 203 dierum
309 161 346 199 δι
358 156 526 210 septem,
556 165 676 207 quam
688 151 726 192 in
738 151 1031 206 expeditionem
1051 166 1213 207 pergens
1225 156 1387 197 vehebat
1399 159 1610 202 cervicibus
1625 162 1700 202 mi-

44 221 98 262 les
110 230 128 268 3
146 217 368 274 'portionem
382 209 609 253 su·btra&am
622 210 661 249 in
672 207 806 249 iisdem
818 207 997 248 condidit
1010 207 1139 248 castris
1152 236 1164 256 ,
1185 210 1335 264 sperans
1348 227 1396 254 ex
1408 216 1705 260 Chamavorum

40 275 231 332 sege-tibus
246 265 584 324 idsfiilpplerip'offe
593 265 709 320 quod
719 265 890 306 ablatum
902 263 968 304 est.
1004 264 1145 320 Longe
1155 277 1284 306 autem
1296 269 1403 309 aliter
1416 272 1570 315 accidit.
1605 276 1703 317 Fru-

21 337 22 374 Ξ
39 334 153 388 gibus
174 331 272 371 enim
294 325 467 367 nondum
486 324 603 363 etiam
625 324 784 363 maturis
797 350 809 370 ,
832 322 939 363 miles
949 321 1123 376 expensis
1136 336 1225 376 quae
1253 330 1262 354 3
1279 326 1459 376 portabat
1475 356 1486 374 ,
1516 331 1703 384 nusquam

21 383 22 426 l
38 390 226 445 reperiens
247 384 369 425 vietus
380 408 392 428 ‚
423 390 594 421 extrema
615 387 632 412 4
643 379 1032 435 minitansjulianum
1060 379 1426 433 compellationibus
1448 384 1648 427 incessebat
1662 394 1700 429 δε

20 428 22 489 l
37 445 208 500 probris:
238 438 417 493 Asianum
430 437 627 492 appellans
639 465 652 484 ,
672 436 898 477 Graeculum
912 463 924 483 ‚
945 439 984 476 δε
996 434 1172 476 fallacem
1186 463 1198 483 ,
1225 440 1262 476 &
1276 435 1400 489 specie
1421 437 1613 490 sapientiae
1625 443 1701 484 sto-

34 501 168 541 lidum.
201 497 343 550 thue
354 493 647 536 invenirisolent
658 492 820 549 quidam
831 494 929 533 inter
939 502 1107 532 armatos
1130 492 1338 533 verborum
1355 493 1598 537 volubilitate
1610 514 1702 541 con-

33 551 154 609 spicui
164 564 182 600 ',
212 552 294 593 haec
312 556 350 594 &
365 551 498 592 similia
510 550 633 591 multa
642 550 879 605 strepebant:
916 548 1008 607 Qud
1019 548 1218 590 trahimur
1220 551 1292 604 spe
1301 550 1502 591 meliorum
1525 552 1669 595 abolita
1682 589 1698 604 ‚

32 608 284 667 olim-quidem
303 608 405 650 dura
417 608 458 652 Εό
464 611 642 662 perpfft
652 608 870 662 asperrima
872 615 952 661 per
962 606 1079 646 nives
1089 607 1303 646 tolerantes
1324 606 1365 650 {5
1375 608 1553 649 acumina
1564 611 1700 651 crude-

34 668 126 710 lium
130 666 370 722 pruinarum
383 666 403 706 ἓ
423 663 501 717 sed
507 678 606 705 nunc
619 696 634 711 ,
653 663 758 719 proh
769 665 881 715 nefas
893 665 912 702 .'
941 663 1027 703 clim
1040 663 1192 703 ultimis
1213 662 1479 718 hostium-fatis
1490 664 1674 718 instamus
1687 696 1700 715 ,

50 738 138 765 ame
145 753 158 773 ‚
188 722 425 779 ignavffmo
445 722 586 762 mortis
604 734 747 777 genere
759 720 1010 772 tabescentes.
1041 719 1101 760 Et
1109 733 1156 759 ne
1165 720 1255 775 quis
1265 734 1333 761 nos
1343 720 1553 762 turbarum
1567 724 1697 777 exzsti-

30 790 110 824 met
121 781 335 822 concitores
345 811 362 827 ,
382 787 461 833 pro
471 778 561 817 vita
572 778 762 832 loquisola
770 776 956 831 testamur
968 789 986 820 ,·
1012 788 1082 815 non
1097 789 1237 817 aurum
1247 809 1264 825 ,
1291 791 1411 833 neque
1418 787 1623 834 argentum
1625 790 1698 836 pe-

0 866 1 875 η
29 846 161 880 tentes
170 861 188 886 4.
207 850 290 892 quae
301 836 390 877 olim
400 847 469 875 nec
478 834 926 889 cantreciarepotuimus
935 864 953 881 ,
970 845 1040 873 nec
1051 832 1191 873 videre
1201 866 1218 881 ,
1246 835 1306 874 ita
1315 834 1426 875 nobis
1433 843 1573 890 negata
1584 838 1698 877 velut

4 908 5 912 ¹
29 895 169 936 contra
189 894 324 947 Remp.
352 899 412 932 tot
421 891 626 946 fitstepiffi·
646 890 800 932 labores
818 890 1047 945 &pericula
1066 891 1293 942 confutatis.
1325 891 1376 932 Et
1389 902 1468 931 erat
1484 894 1582 933 ratio
1587 894 1690 947 justa

30 950 285 1007 querelarum.
320 950 425 989 Inter
450 958 512 988 tot
531 949 632 988 enim
656 962 782 988 rerum
803 947 1063 1003 probabilium
1084 947 1213 988 cursus
1225 947 1483 1003 articulosque
1501 950 1696 990 necessita-

20 1018 114 1058 {tum
124 1006 309 1059 ancipites
322 1036 333 1054 ‚
364 1004 565 1045 sudoribus
576 1004 787 1045 Gallicanis
808 1005 917 1045 miles
928 1002 1133 1044 exhaustus
1144 1032 1156 1051 ,
1190 1011 1218 1028 m
1230 1019 1298 1045 nec
1311 1005 1541 1046 donativum
1555 1008 1694 1047 meruit

30 1077 102 1104 nec
123 1061 356 1117 stipendium
371 1089 383 1109 ,
404 1063 486 1115 jam
507 1061 597 1102 inde
609 1062 835 1117 utJulianus
856 1061 925 1102 illo
937 1060 990 1101 est
1001 1061 1150 1102 missus:
1181 1075 1225 1100 ea
1237 1075 1276 1101 re
1289 1062 1402 1116 quod
1414 1075 1482 1101 nec
1495 1062 1565 1116 ipsi
1580 1064 1691 1116 quod

17 1120 139 1161 ‘daret
159 1119 361 1173 suppetere
381 1127 536 1172 poterat
557 1117 719 1173 usquam
732 1147 745 1166 ,
774 1132 843 1159 nec
856 1117 1106 1160 Constantius
1117 1119 1267 1172 erogari
1288 1132 1395 1157 more
1407 1118 1520 1157 solito
1534 1120 1693 1172 permit-

28 1177 143 1217 tebat.
173 1176 350 1229 Hocque
371 1176 510 1215 exinde
522 1174 659 1215 claruit
668 1174 805 1216 fraude
816 1176 947 1230 potius
960 1174 1081 1229 quam
1101 1175 1306 1214 tenacitate
1327 1174 1547 1221 committi,
1578 1176 1691 1230 quod

26 1232 117 1273 curn
137 1232 241 1272 idem
255 1231 406 1279 Caesar,
437 1233 586 1286 petenti
607 1246 654 1273 ex
675 1232 744 1272 usu
767 1233 944 1288 gregario
964 1230 1119 1271 cuidam
1132 1240 1175 1271 ut
1187 1230 1320 1271 barbas
1339 1230 1569 1271 detonderet
1584 1259 1597 1278 ,
1625 1233 1692 1272 de-

26 1288 139 1330 disset
149 1288 300 1343 aliquid
312 1289 387 1328 vile
399 1314 411 1335 ,
436 1288 724 1329 contumeliosis
735 1289 932 1329 calumniis
944 1289 1141 1342 appetitus
1153 1286 1206 1326 est
1218 1288 1240 1327 a
1249 1287 1475 1327 Gaudentio
1491 1297 1584 1326 tunc
1599 1289 1640 1327 N
1646 1303 1689 1328 o-

13 1347 126 1387 *tario
136 1373 147 1393 ‚
180 1346 231 1385 ad
240 1344 501 1398 explorandos
513 1345 592 1397 ejus
604 1345 708 1384 aecus
723 1345 792 1384 diu
805 1355 959 1384 morato
971 1357 1040 1396 per
1051 1343 1196 1383 Gallias
1211 1370 1225 1390 ,
1255 1356 1374 1397 quem
1395 1341 1527 1396 postea
1537 1342 1616 1397 ipse
1632 1344 1691 1385 in-

28 1399 269 1454 terficijuffit
280 1428 291 1445 ,
321 1410 365 1440 ut
376 1400 466 1440 loco
480 1399 752 1440 monstrabitur
767 1400 1019 1455 competenti.

82 1458 121 1498 C
134 1470 157 1497 A
173 1472 208 1497 P.
241 1456 293 1498 Χ.
326 1456 468 1497 Lenito
481 1455 637 1497 tandem
648 1456 821 1497 tumultu
830 1471 907 1497 non
918 1456 993 1497 sine
1009 1454 1280 1496 blanditiarum
1293 1467 1430 1508 genere
1441 1454 1548 1495 vario
1559 1482 1571 1502 ‚
1591 1469 1687 1495 con-

30 1514 217 1567 textoque
237 1513 362 1552 navali
381 1524 503 1567 ponte
515 1512 657 1553 Rheno
668 1512 827 1552 transito
839 1540 851 1559 ,
879 1513 988 1552 terris
1000 1511 1302 1551 Alamannorum
1319 1511 1473 1550 calcatis
1485 1539 1498 1558 ,
1527 1511 1687 1553 Severus

30 1569 216 1624 Magister
234 1569 411 1623 equitum
431 1568 634 1608 bellicosus
657 1578 744 1607 ante
752 1567 885 1608 haec&
898 1565 1103 1607 industrius
1115 1593 1128 1612 ‚
1156 1566 1314 1619 repente
1327 1568 1597 1607 commarcuit.
1631 1569 1683 1608 Et

29 1627 97 1681 qui
109 1625 208 1680 saepe
218 1623 412 1666 universos
424 1624 474 1665 ad
485 1623 640 1664 fortiter
649 1622 871 1665 faciendum
882 1622 1108 1664 hortabatur
1119 1625 1157 1662 &
1170 1621 1337 1677 singulos
1349 1645 1360 1671 3
1390 1634 1484 1664 tunc
1504 1624 1582 1664 diff
1577 1624 1686 1665 uasor

13 1728 15 1730 ,
30 1682 228 1737 pugnandi
249 1691 497 1734 contemptus
521 1680 726 1722 videbatur
746 1685 784 1722 &
798 1681 958 1721 timidus
973 1708 984 1728 ‚
1013 1689 1179 1719 mortem
1190 1677 1344 1719 fortasse
1358 1691 1531 1720 metuens
1541 1682 1687 1721 adven-

9 1760 20 1775 ·.
30 1748 193 1779 tantem:
225 1747 269 1778 ut
280 1747 298 1765 ¹²
310 1738 349 1778 in
363 1746 376 1770 5
385 1747 402 1764 0
414 1737 733 1793 Tageticis-libris
744 1737 886 1793 legitur
896 1765 909 1786 ,
936 1738 952 1763 ⁶
960 1746 976 1774 P
987 1735 1148 1791 Vejovis
1164 1733 1349 1776 ‘lfulmine
1362 1750 1456 1777 mox
1468 1737 1685 1792 tangendos

7 1831 18 1867 ζ
65 1838 76 1863 3
99 1828 146 1864 Mss
162 1829 290 1865 portabat.
329 1837 347 1860 4
365 1828 410 1857 Al.
426 1829 550 1862 militans,
588 1838 602 1864 5
623 1829 671 1866 Mfi
681 1829 842 1866 Tagetinicis
871 1831 1015 1864 acciperent.
1035 1829 1066 1855 In
1075 1829 1143 1855 libro
1152 1837 1195 1855 xx.
1214 1827 1336 1865 Julianus
1350 1829 1403 1864 jam
1414 1830 1482 1864 Aug.
1492 1827 1524 1855 de
1532 1829 1612 1855 milite
1622 1827 1684 1855 Gal-

10 1866 68 1899 ·,1ib.
107 1868 123 1892 6
143 1866 192 1901 Ms
200 1867 348 1901 Vegonicis,
868 1867 952 1894 licano
963 1866 997 1893 sic
1004 1866 1035 1893 ad
1044 1866 1234 1893 Constantium
1244 1864 1331 1892 scribit
1342 1875 1348 1892 ι
1365 1866 1442 1900 Cujm
1451 1865 1585 1892 iracmm'iae
1593 1875 1635 1892 nec
1643 1865 1683 1891 di-

862 1906 994 1940 gnitatum
1008 1910 1142 1938 augmenta
1152 1920 1158 1931 ,
1179 1912 1221 1929 nec
1229 1911 1338 1930 annuum
1347 1904 1466 1930 merentis
1465 1901 1618 1938 stipendium
1627 1920 1634 1931 ,
1655 1899 1685 1928 id

28 1945 64 1981 ψ.
71 1945 114 1972 Ad
123 1945 198 1981 quod
208 1944 348 1979 respexisse
356 1945 463 1972 videtur
472 1943 630 1971 Emmanuel
637 1941 802 1977 Palaeologus
811 1942 837 1967 in
863 1949 960 1978 quoque
967 1940 1068 1976 acceffit.
1079 1942 1090 1977 ]
1112 1939 1194 1967 Vales.

46 1990 154 2010 araenet.
170 1990 222 2016 cap.
236 1990 275 2013 30.
295 1983 334 2016 Kal
347 1984 402 2014 ιωεὰς
416 1984 454 2016 μςά
469 1983 511 2009 τοὶς
523 1982 636 2015 Χηυφοίζιις
650 1982 707 2015 χολῇ
718 1980 821 2014 βαδίζειν
831 1997 837 2009 ,
902 1987 920 2004 n
941 1980 970 2004 In
987 1978 1087 2012 Tagetis
1105 1976 1173 2012 Tasci
1188 1974 1292 2011 libris]
1315 1975 1356 2002 Sic
1373 1976 1474 2011 primus
1483 1983 1516 2001 ex
1525 1973 1682 2007 conjectura

65 2022 177 2054 κλέυμένον
193 2020 207 2051 ὃ
221 2021 313 2050 καλῶς,
333 2022 387 2046 aluo)
401 2021 453 2046 voa-1*
469 2021 559 2054 τρέχειν.
580 2015 714 2044 Lindenbr.
864 2016 985 2042 correxit
1003 2016 1029 2041 Ρ.
1039 2013 1169 2041 Castellus
1179 2030 1185 2041 ‚
1207 2010 1300 2038 cumin
1310 2011 1426 2039 editione
1435 2013 1515 2038 Rom.
1530 2010 1680 2045 legeretur.

63 2065 90 2084 m
109 2056 184 2083 Miles
191 2064 234 2082 nec
241 2055 390 2082 donativum
400 2058 505 2084 meruit,
526 2052 750 2091 necstipendium.]
773 2053 838 2079 Haec
863 2054 889 2079 in
899 2052 1055 2087 Tagetinucis
1070 2050 1149 2078 libris.
1169 2050 1268 2083 Regius
1283 2055 1373 2075 autem
1392 2050 1418 2075 &
1429 2047 1608 2075 Floncodex,
1630 2048 1644 2077 Ε
1652 2056 1680 2073 ac

61 2092 166 2122 sasunt‚
185 2092 203 2119 fi
214 2101 309 2118 verum
319 2092 356 2118 est
366 2093 440 2129 quod
449 2099 538 2119 narrat
546 2092 677 2127 Sulpicius
687 2092 802 2116 Severus
810 2091 836 2116 in
865 2089 1065 2118 Colbertinus]
1088 2087 1103 2103 ³*
1115 2089 1142 2115 &
1160 2084 1254 2113 Tolos.
1271 2084 1287 2100 *²
1298 2084 1426 2125 scriptum
1440 2084 1534 2111 habent
1551 2085 1681 2119 Tagetini-

29 2131 152 2168 principio
162 2130 221 2157 libri
229 2129 261 2156 de
271 2130 323 2156 vita
332 2130 493 2159 B.Mai·tini,
511 2129 528 2145 ἧς
539 2131 622 2164 capite
632 2136 654 2160 3.
676 2126 693 2143 ²*
703 2125 838 2163 Julianus,
864 2126 907 2152 cis.
926 2125 1006 2152 Unde
1023 2134 1078 2153 non
1094 2123 1187 2151 dubito
1205 2123 1270 2158 quin
1280 2122 1413 2148 verissima
1428 2121 1460 2148 sit
1468 2120 1617 2147 emendatio
1628 2129 1679 2147 no-

29 2169 128 2204 inquit‚
150 2164 232 2200 Caefar
248 2166 328 2192 εοιιὲἶο
343 2169 370 2192 in
386 2177 461 2194 unum
476 2169 587 2193 exercitu
603 2165 753 2192 donativum
767 2165 838 2198 caepit
865 2162 927 2190 stra.
946 2162 962 2178 '⁷⁶
974 2164 1015 2189 Sic
1029 2162 1212 2196 Longinianus
1229 2161 1254 2186 in
1265 2157 1383 2193 Epistola
1391 2156 1422 2184 ad
1432 2156 1614 2198 Augustinum
1625 2159 1678 2183 Ta-

51 2213 62 2232 o
78 2214 121 2233 are
127 2202 250 2232 milit1bus
258 2203 326 2238 apud
332 2206 486 2239 Vangionum
500 2205 643 2230 civitatem.
662 2202 696 2227 Ut
703 2201 736 2234 est
743 2201 838 2238 consuc-
859 2201 943 2235 getica
947 2205 1068 2235 precepta
1077 2205 1153 2224 vocat
1163 2218 1169 2228 ‚
1189 2206 1249 2233 quae
1258 2204 1319 2222 cum
1331 2195 1453 2231 Orphicis
1464 2196 1490 2222 δε
1499 2194 1678 2228 Trumegisti-

4 2255 7 2265 κ
73 2243 130 2272 'no'5,
142 2239 237 2277 singuli
251 2239 395 2267 citabantur
413 2253 420 2273 3
438 2239 510 2267 donec
524 2239 560 2267 ad
574 2240 715 2266 Martinam
731 2244 836 2265 ventum
862 2237 898 2264 cis
915 2237 1012 2271 jungit.
1034 2235 1166 2269 [Servius
1182 2236 1208 2260 in
1226 2233 1324 2260 librum
1333 2235 1356 2260 8.
1378 2230 1482 2260 AEneid,
1510 2230 1678 2272 Hmvspftfflf

35 2276 65 2312 fia
86 2276 279 2313 [Marcellinus
294 2277 346 2313 ipse
359 2277 466 2304 inlibro
477 2277 516 2303 16.
530 2276 626 2306 tradit,
643 2276 756 2308 Agentes
763 2276 789 2301 in
797 2283 836 2301 re·
864 2273 940 2300 libros
956 2275 1032 2301 citat.
1052 2271 1157 2308 &sacra
1172 2268 1292 2307 Etrldsca,
1312 2278 1365 2308 quae
1375 2265 1606 2306 Tagescompcfinffl
1614 2266 1679 2304 dxc}

25 2310 70 2360 {bus
75 2315 184 2353 quadam
190 2313 350 2349 sollemnitate
357 2313 467 2343 indueres
473 2316 499 2342 in
508 2312 677 2351 Confistorium
684 2329 692 2342 ³
710 2316 835 2341 maurum
863 2316 914 2341 tur.
922 2311 935 2348 ]
958 2309 1039 2336 Idem.

968 2347 1088 2390 Aaz
